5208 - PLAZA MATHEU	 	 Emitido el 01/12/2025 	 	 Frecuencia: MENSUAL
NADAL Y ZACCARO SA	 	CUIT	30657033770	 CBU: 0140191801520805008070
	 			   CUENTA CORRIENTE EN PESOS
	 			   2-CTA CTE PERSONA JURIDICA
	 			 50080/7
7 ESQ.63 1500
LA PLATA	 	 	 	 Cantidad de Titulares: 001
----------------------------------------------------------------------------------------------------------- 
----------------------------------------------------------------------------------------------------------- 
FECHA,CONCEPTO,IMPORTE,Fecha Valor,Saldo
31/10/2025,SALDO ANTERIOR,0,,42860591.28 
03/11/2025,CHEQUE DE CAMARA 007712638,-2659776.00,03-11,40200815.28 
03/11/2025,IMPUESTO DEBITO -LEY 25413     1952 CONTABILIDAD Y CONCILIACI,-15958.66,03-11,40184856.62 
03/11/2025,CHEQUE DE CAMARA 011210338,-2179542.11,03-11,38005314.51 
03/11/2025,IMPUESTO DEBITO -LEY 25413     1952 CONTABILIDAD Y CONCILIACI,-13077.25,03-11,37992237.26 
03/11/2025,CHEQUE DE CAMARA 013093351,-1000000.00,03-11,36992237.26 
03/11/2025,IMPUESTO DEBITO -LEY 25413     1950 COMPENSACION DE VALORES,-6000.00,03-11,36986237.26 
03/11/2025,CHEQUE DE CAMARA 013093369,-5593601.13,03-11,31392636.13 
03/11/2025,IMPUESTO DEBITO -LEY 25413     1950 COMPENSACION DE VALORES,-33561.61,03-11,31359074.52 
03/11/2025,CR.DEBIN 01/11-S.941211 C:30657033770,31690.24,03-11,31390764.76 
03/11/2025,IMPUESTO CREDITO -LEY 25413,-190.14,03-11,31390574.62 
03/11/2025,RETENCION ARBA,-792.20,03-11,31389782.42 
03/11/2025,IMPUESTO DEBITO -LEY 25413,-4.75,03-11,31389777.67 
03/11/2025,CR.DEBIN 01/11-S.655420 C:30657033770,5941.92,03-11,31395719.59 
03/11/2025,IMPUESTO CREDITO -LEY 25413,-35.65,03-11,31395683.94 
03/11/2025,RETENCION ARBA,-148.50,03-11,31395535.44 
03/11/2025,IMPUESTO DEBITO -LEY 25413,-0.89,03-11,31395534.55 
03/11/2025,CR.DEBIN 01/11-S.961142 C:30657033770,16835.44,03-11,31412369.99 
03/11/2025,IMPUESTO CREDITO -LEY 25413,-101.01,03-11,31412268.98 
03/11/2025,RETENCION ARBA,-420.80,03-11,31411848.18 
03/11/2025,IMPUESTO DEBITO -LEY 25413,-2.52,03-11,31411845.66 
03/11/2025,BIP DB.TR.01/11-C.790279 D:20107930273 N:CASSISI JOSE,-1064800.00,03-11,30347045.66 
03/11/2025,IMPUESTO DEBITO -LEY 25413,-6388.80,03-11,30340656.86 
03/11/2025,COMISION TRANSFERENCIA/GIRO,-4635.00,03-11,30336021.86 
03/11/2025,CR.DEBIN 01/11-S.347767 C:30657033770,22777.36,03-11,30358799.22 
03/11/2025,IMPUESTO CREDITO -LEY 25413,-136.66,03-11,30358662.56 
03/11/2025,RETENCION ARBA,-569.40,03-11,30358093.16 
03/11/2025,IMPUESTO DEBITO -LEY 25413,-3.42,03-11,30358089.74 
03/11/2025,CR.DEBIN 01/11-S.232630 C:30657033770,8912.88,03-11,30367002.62 
03/11/2025,IMPUESTO CREDITO -LEY 25413,-53.48,03-11,30366949.14 
03/11/2025,RETENCION ARBA,-222.80,03-11,30366726.34 
03/11/2025,IMPUESTO DEBITO -LEY 25413,-1.34,03-11,30366725.00 
03/11/2025,PAGO CUOTA,COM,GASTOS PRESTAMO 1987 BIYCSA,-1046081.23,03-11,29320643.77 
03/11/2025,IMPUESTO DEBITO -LEY 25413,-6276.49,03-11,29314367.28 
03/11/2025,CR.TRAN. 30574816870 AMERICAN EXPRESS,157989.91,03-11,29472357.19 
03/11/2025,IMPUESTO CREDITO -LEY 25413    0001,-947.94,03-11,29471409.25 
03/11/2025,RETENCION ARBA                 0001,-3949.70,03-11,29467459.55 
03/11/2025,IMPUESTO DEBITO -LEY 25413     0001,-23.70,03-11,29467435.85 
03/11/2025,CR.DEBIN 03/11-S.997279 C:30657033770,5941.92,03-11,29473377.77 
03/11/2025,IMPUESTO CREDITO -LEY 25413,-35.65,03-11,29473342.12 
03/11/2025,RETENCION ARBA,-148.50,03-11,29473193.62 
03/11/2025,IMPUESTO DEBITO -LEY 25413,-0.89,03-11,29473192.73 
03/11/2025,CR.DEBIN 03/11-S.004106 C:30657033770,6932.24,03-11,29480124.97 
03/11/2025,IMPUESTO CREDITO -LEY 25413,-41.59,03-11,29480083.38 
03/11/2025,RETENCION ARBA,-173.30,03-11,29479910.08 
03/11/2025,IMPUESTO DEBITO -LEY 25413,-1.04,03-11,29479909.04 
03/11/2025,PAGOS A COMERCIOS VISA - L. 0000253798 - C. 00003907330,526585.95,03-11,30006494.99 
03/11/2025,IMPUESTO CREDITO -LEY 25413    1002 MEDIOS DE PAGO,-3159.52,03-11,30003335.47 
03/11/2025,RETENCION ARBA                 1002 MEDIOS DE PAGO,-13164.60,03-11,29990170.87 
03/11/2025,IMPUESTO DEBITO -LEY 25413     1002 MEDIOS DE PAGO,-78.99,03-11,29990091.88 
03/11/2025,PAGOS A COMERCIOS VISA - L. 0000253883 - C. 00003907330,265435.70,03-11,30255527.58 
03/11/2025,IMPUESTO CREDITO -LEY 25413    1002 MEDIOS DE PAGO,-1592.61,03-11,30253934.97 
03/11/2025,RETENCION ARBA                 1002 MEDIOS DE PAGO,-6635.80,03-11,30247299.17 
03/11/2025,IMPUESTO DEBITO -LEY 25413     1002 MEDIOS DE PAGO,-39.81,03-11,30247259.36 
03/11/2025,PAGOS A COMERCIOS MASTERCARD - L. 0000253770 - C. 00003907330,154844.64,03-11,30402104.00 
03/11/2025,IMPUESTO CREDITO -LEY 25413    1002 MEDIOS DE PAGO,-929.07,03-11,30401174.93 
03/11/2025,RETENCION ARBA                 1002 MEDIOS DE PAGO,-3871.10,03-11,30397303.83 
03/11/2025,IMPUESTO DEBITO -LEY 25413     1002 MEDIOS DE PAGO,-23.23,03-11,30397280.60 
03/11/2025,PAGOS A COMERCIOS MASTERCARD - L. 0000253839 - C. 00003907330,130824.05,03-11,30528104.65 
03/11/2025,IMPUESTO CREDITO -LEY 25413    1002 MEDIOS DE PAGO,-784.94,03-11,30527319.71 
03/11/2025,RETENCION ARBA                 1002 MEDIOS DE PAGO,-3270.60,03-11,30524049.11 
03/11/2025,IMPUESTO DEBITO -LEY 25413     1002 MEDIOS DE PAGO,-19.62,03-11,30524029.49 
03/11/2025,CR.DEBIN 03/11-S.543335 C:30657033770,38622.48,03-11,30562651.97 
03/11/2025,IMPUESTO CREDITO -LEY 25413,-231.73,03-11,30562420.24 
03/11/2025,RETENCION ARBA,-965.50,03-11,30561454.74 
03/11/2025,IMPUESTO DEBITO -LEY 25413,-5.79,03-11,30561448.95 
03/11/2025,CR.DEBIN 03/11-S.558840 C:30657033770,21787.04,03-11,30583235.99 
03/11/2025,IMPUESTO CREDITO -LEY 25413,-130.72,03-11,30583105.27 
03/11/2025,RETENCION ARBA,-544.60,03-11,30582560.67 
03/11/2025,IMPUESTO DEBITO -LEY 25413,-3.27,03-11,30582557.40 
03/11/2025,CR.DEBIN 03/11-S.954438 C:30657033770,5941.92,03-11,30588499.32 
03/11/2025,IMPUESTO CREDITO -LEY 25413,-35.65,03-11,30588463.67 
03/11/2025,RETENCION ARBA,-148.50,03-11,30588315.17 
03/11/2025,IMPUESTO DEBITO -LEY 25413,-0.89,03-11,30588314.28 
03/11/2025,CR.TRAN. 30624944255ETESORERIA GENERAL PCIA BS 00D00,1530838.30,03-11,32119152.58 
03/11/2025,IMPUESTO CREDITO -LEY 25413    2000 REGION Y CASA MATRIZ LA P,-9185.03,03-11,32109967.55 
03/11/2025,RETENCION ARBA                 2000 REGION Y CASA MATRIZ LA P,-38270.90,03-11,32071696.65 
03/11/2025,IMPUESTO DEBITO -LEY 25413     2000 REGION Y CASA MATRIZ LA P,-229.63,03-11,32071467.02 
03/11/2025,CR.TRAN. 30624944255ETESORERIA GENERAL PCIA BS 00D00,984590.12,03-11,33056057.14 
03/11/2025,IMPUESTO CREDITO -LEY 25413    2000 REGION Y CASA MATRIZ LA P,-5907.54,03-11,33050149.60 
03/11/2025,RETENCION ARBA                 2000 REGION Y CASA MATRIZ LA P,-24614.70,03-11,33025534.90 
03/11/2025,IMPUESTO DEBITO -LEY 25413     2000 REGION Y CASA MATRIZ LA P,-147.69,03-11,33025387.21 
03/11/2025,CR.TRAN. 30624944255ETESORERIA GENERAL PCIA BS 00D00,222723.98,03-11,33248111.19 
03/11/2025,IMPUESTO CREDITO -LEY 25413    2000 REGION Y CASA MATRIZ LA P,-1336.34,03-11,33246774.85 
03/11/2025,RETENCION ARBA                 2000 REGION Y CASA MATRIZ LA P,-5568.00,03-11,33241206.85 
03/11/2025,IMPUESTO DEBITO -LEY 25413     2000 REGION Y CASA MATRIZ LA P,-33.41,03-11,33241173.44 
03/11/2025,CR.TRAN. 30624944255ETESORERIA GENERAL PCIA BS 00D00,2108300.67,03-11,35349474.11 
03/11/2025,IMPUESTO CREDITO -LEY 25413    2000 REGION Y CASA MATRIZ LA P,-12649.80,03-11,35336824.31 
03/11/2025,RETENCION ARBA                 2000 REGION Y CASA MATRIZ LA P,-52707.50,03-11,35284116.81 
03/11/2025,IMPUESTO DEBITO -LEY 25413     2000 REGION Y CASA MATRIZ LA P,-316.25,03-11,35283800.56 
03/11/2025,FEDERACION PATR RE.213688266 ID.1209944959000000261025,-169771.20,03-11,35114029.36 
03/11/2025,IMPUESTO DEBITO -LEY 25413     1989 DEBITO DIRECTO Y AUTOMATI,-1018.63,03-11,35113010.73 
03/11/2025,FEDERACION PATR RE.213659384 ID.0803339648000000250925,-12551.06,03-11,35100459.67 
03/11/2025,IMPUESTO DEBITO -LEY 25413     1989 DEBITO DIRECTO Y AUTOMATI,-75.31,03-11,35100384.36 
03/11/2025,FEDERACION PATR RE.213664911 ID.1209949794000000261025,-10972.47,03-11,35089411.89 
03/11/2025,IMPUESTO DEBITO -LEY 25413     1989 DEBITO DIRECTO Y AUTOMATI,-65.83,03-11,35089346.06 
03/11/2025,REVERSA RETENCION ARBA,52707.50,03-11,35142053.56 
03/11/2025,REVERSA RETENCION ARBA,38270.90,03-11,35180324.46 
03/11/2025,REVERSA RETENCION ARBA,24614.70,03-11,35204939.16 
03/11/2025,REVERSA RETENCION ARBA,5568.00,03-11,35210507.16 
03/11/2025,REV. IMP.DEBITO.-LEY 25413,316.25,03-11,35210823.41 
03/11/2025,REV. IMP.DEBITO.-LEY 25413,229.63,03-11,35211053.04 
03/11/2025,REV. IMP.DEBITO.-LEY 25413,147.69,03-11,35211200.73 
03/11/2025,REV. IMP.DEBITO.-LEY 25413,33.41,03-11,35211234.14 
03/11/2025,COMISION DATANET,-78.99,03-11,35211155.15 
03/11/2025,IMPUESTO DEBITO -LEY 25413,-0.47,03-11,35211154.68 
03/11/2025,COMISION DATANET,-1054.15,03-11,35210100.53 
03/11/2025,IMPUESTO DEBITO -LEY 25413,-6.32,03-11,35210094.21 
03/11/2025,COMISION DATANET,-1369.06,03-11,35208725.15 
03/11/2025,IMPUESTO DEBITO -LEY 25413,-8.21,03-11,35208716.94 
04/11/2025,CR.DEBIN 03/11-S.893033 C:30657033770,14854.80,04-11,35223571.74 
04/11/2025,IMPUESTO CREDITO -LEY 25413,-89.13,04-11,35223482.61 
04/11/2025,RETENCION ARBA,-371.30,04-11,35223111.31 
04/11/2025,IMPUESTO DEBITO -LEY 25413,-2.23,04-11,35223109.08 
04/11/2025,CHEQUE DE CAMARA 011210334,-998779.16,04-11,34224329.92 
04/11/2025,IMPUESTO DEBITO -LEY 25413     1950 COMPENSACION DE VALORES,-5992.67,04-11,34218337.25 
04/11/2025,CHEQUE DE CAMARA 011210344,-1640183.71,04-11,32578153.54 
04/11/2025,IMPUESTO DEBITO -LEY 25413     1950 COMPENSACION DE VALORES,-9841.10,04-11,32568312.44 
04/11/2025,CHEQUE DE CAMARA 011210346,-2081738.24,04-11,30486574.20 
04/11/2025,IMPUESTO DEBITO -LEY 25413     1950 COMPENSACION DE VALORES,-12490.43,04-11,30474083.77 
04/11/2025,CR.TRAN. 30574816870 AMERICAN EXPRESS,17095.50,04-11,30491179.27 
04/11/2025,IMPUESTO CREDITO -LEY 25413    0001,-102.57,04-11,30491076.70 
04/11/2025,RETENCION ARBA                 0001,-427.30,04-11,30490649.40 
04/11/2025,IMPUESTO DEBITO -LEY 25413     0001,-2.56,04-11,30490646.84 
04/11/2025,PAGOS A COMERCIOS VISA - L. 0000253954 - C. 00003907330,1056073.20,04-11,31546720.04 
04/11/2025,IMPUESTO CREDITO -LEY 25413    1002 MEDIOS DE PAGO,-6336.44,04-11,31540383.60 
04/11/2025,RETENCION ARBA                 1002 MEDIOS DE PAGO,-26401.80,04-11,31513981.80 
04/11/2025,IMPUESTO DEBITO -LEY 25413     1002 MEDIOS DE PAGO,-158.41,04-11,31513823.39 
04/11/2025,PAGOS A COMERCIOS VISA - L. 0000254055 - C. 00003907330,415253.28,04-11,31929076.67 
04/11/2025,IMPUESTO CREDITO -LEY 25413    1002 MEDIOS DE PAGO,-2491.52,04-11,31926585.15 
04/11/2025,RETENCION ARBA                 1002 MEDIOS DE PAGO,-10381.30,04-11,31916203.85 
04/11/2025,IMPUESTO DEBITO -LEY 25413     1002 MEDIOS DE PAGO,-62.29,04-11,31916141.56 
04/11/2025,PAGOS A COMERCIOS MASTERCARD - L. 0000254005 - C. 00003907330,166661.11,04-11,32082802.67 
04/11/2025,IMPUESTO CREDITO -LEY 25413    1002 MEDIOS DE PAGO,-999.97,04-11,32081802.70 
04/11/2025,RETENCION ARBA                 1002 MEDIOS DE PAGO,-4166.50,04-11,32077636.20 
04/11/2025,IMPUESTO DEBITO -LEY 25413     1002 MEDIOS DE PAGO,-25.00,04-11,32077611.20 
04/11/2025,PAGOS A COMERCIOS MASTERCARD - L. 0000253918 - C. 00003907330,67172.26,04-11,32144783.46 
04/11/2025,IMPUESTO CREDITO -LEY 25413    1002 MEDIOS DE PAGO,-403.03,04-11,32144380.43 
04/11/2025,RETENCION ARBA                 1002 MEDIOS DE PAGO,-1679.30,04-11,32142701.13 
04/11/2025,IMPUESTO DEBITO -LEY 25413     1002 MEDIOS DE PAGO,-10.08,04-11,32142691.05 
04/11/2025,CARGO A COMERCIOS MASTERCARD - L. 0000253855 - C. 00003907330,-230.00,04-11,32142461.05 
04/11/2025,CR.DEBIN 04/11-S.601258 C:30657033770,60409.52,04-11,32202870.57 
04/11/2025,IMPUESTO CREDITO -LEY 25413,-362.46,04-11,32202508.11 
04/11/2025,RETENCION ARBA,-1510.20,04-11,32200997.91 
04/11/2025,IMPUESTO DEBITO -LEY 25413,-9.06,04-11,32200988.85 
04/11/2025,CR.DEBIN 04/11-S.044418 C:30657033770,13270.29,04-11,32214259.14 
04/11/2025,IMPUESTO CREDITO -LEY 25413,-79.62,04-11,32214179.52 
04/11/2025,RETENCION ARBA,-331.70,04-11,32213847.82 
04/11/2025,IMPUESTO DEBITO -LEY 25413,-1.99,04-11,32213845.83 
04/11/2025,CR.DEBIN 04/11-S.660500 C:30657033770,5941.92,04-11,32219787.75 
04/11/2025,IMPUESTO CREDITO -LEY 25413,-35.65,04-11,32219752.10 
04/11/2025,RETENCION ARBA,-148.50,04-11,32219603.60 
04/11/2025,IMPUESTO DEBITO -LEY 25413,-0.89,04-11,32219602.71 
04/11/2025,CR.DEBIN 04/11-S.052442 C:30657033770,3169.02,04-11,32222771.73 
04/11/2025,IMPUESTO CREDITO -LEY 25413,-19.01,04-11,32222752.72 
04/11/2025,RETENCION ARBA,-79.20,04-11,32222673.52 
04/11/2025,IMPUESTO DEBITO -LEY 25413,-0.48,04-11,32222673.04 
04/11/2025,CR.DEBIN 04/11-S.446379 C:30657033770,5347.73,04-11,32228020.77 
04/11/2025,IMPUESTO CREDITO -LEY 25413,-32.09,04-11,32227988.68 
04/11/2025,RETENCION ARBA,-133.60,04-11,32227855.08 
04/11/2025,IMPUESTO DEBITO -LEY 25413,-0.80,04-11,32227854.28 
04/11/2025,CR.TRAN. 30550857061CCOLEG FARMACEUTICOS PCIA BS A 00A04,74480.00,04-11,32302334.28 
04/11/2025,IMPUESTO CREDITO -LEY 25413    2000 REGION Y CASA MATRIZ LA P,-446.88,04-11,32301887.40 
04/11/2025,RETENCION ARBA                 2000 REGION Y CASA MATRIZ LA P,-1862.00,04-11,32300025.40 
04/11/2025,IMPUESTO DEBITO -LEY 25413     2000 REGION Y CASA MATRIZ LA P,-11.17,04-11,32300014.23 
04/11/2025,CR.TRAN. 30624944255ETESORERIA GENERAL PCIA BS 00D00,635231.40,04-11,32935245.63 
04/11/2025,IMPUESTO CREDITO -LEY 25413    2000 REGION Y CASA MATRIZ LA P,-3811.39,04-11,32931434.24 
04/11/2025,RETENCION ARBA                 2000 REGION Y CASA MATRIZ LA P,-15880.70,04-11,32915553.54 
04/11/2025,IMPUESTO DEBITO -LEY 25413     2000 REGION Y CASA MATRIZ LA P,-95.28,04-11,32915458.26 
04/11/2025,CR.TRAN. 30624944255ETESORERIA GENERAL PCIA BS 00D00,356704.86,04-11,33272163.12 
04/11/2025,IMPUESTO CREDITO -LEY 25413    2000 REGION Y CASA MATRIZ LA P,-2140.23,04-11,33270022.89 
04/11/2025,RETENCION ARBA                 2000 REGION Y CASA MATRIZ LA P,-8917.60,04-11,33261105.29 
04/11/2025,IMPUESTO DEBITO -LEY 25413     2000 REGION Y CASA MATRIZ LA P,-53.51,04-11,33261051.78 
04/11/2025,CR.TRAN. 30624944255ETESORERIA GENERAL PCIA BS 00D00,2082288.85,04-11,35343340.63 
04/11/2025,IMPUESTO CREDITO -LEY 25413    2000 REGION Y CASA MATRIZ LA P,-12493.73,04-11,35330846.90 
04/11/2025,RETENCION ARBA                 2000 REGION Y CASA MATRIZ LA P,-52057.20,04-11,35278789.70 
04/11/2025,IMPUESTO DEBITO -LEY 25413     2000 REGION Y CASA MATRIZ LA P,-312.34,04-11,35278477.36 
04/11/2025,CR.TRAN. 30657877669 EDELAP,658385.47,04-11,35936862.83 
04/11/2025,IMPUESTO CREDITO -LEY 25413    4930,-3950.31,04-11,35932912.52 
04/11/2025,RETENCION ARBA                 4930,-16459.60,04-11,35916452.92 
04/11/2025,IMPUESTO DEBITO -LEY 25413     4930,-98.76,04-11,35916354.16 
04/11/2025,DEVOLUCION PAGO CH/OE,2081738.24,04-11,37998092.40 
04/11/2025,FEDERACION PATR RE.213773606 ID.4401591969000000031125,-14384.00,04-11,37983708.40 
04/11/2025,IMPUESTO DEBITO -LEY 25413     1989 DEBITO DIRECTO Y AUTOMATI,-86.30,04-11,37983622.10 
04/11/2025,FEDERACION PATR RE.213734371 ID.0434673629000000031125,-241328.00,04-11,37742294.10 
04/11/2025,IMPUESTO DEBITO -LEY 25413     1989 DEBITO DIRECTO Y AUTOMATI,-1447.97,04-11,37740846.13 
04/11/2025,FEDERACION PATR RE.213772233 ID.0433756143000000011125,-306931.00,04-11,37433915.13 
04/11/2025,IMPUESTO DEBITO -LEY 25413     1989 DEBITO DIRECTO Y AUTOMATI,-1841.59,04-11,37432073.54 
04/11/2025,REVERSA RETENCION ARBA,52057.20,04-11,37484130.74 
04/11/2025,REVERSA RETENCION ARBA,15880.70,04-11,37500011.44 
04/11/2025,REV. IMP.DEBITO.-LEY 25413,12490.43,04-11,37512501.87 
04/11/2025,REVERSA RETENCION ARBA,8917.60,04-11,37521419.47 
04/11/2025,REV. IMP.DEBITO.-LEY 25413,312.34,04-11,37521731.81 
04/11/2025,REV. IMP.DEBITO.-LEY 25413,95.28,04-11,37521827.09 
04/11/2025,REV. IMP.DEBITO.-LEY 25413,53.51,04-11,37521880.60 
04/11/2025,COMISION DATANET,-8.54,04-11,37521872.06 
04/11/2025,IMPUESTO DEBITO -LEY 25413,-0.05,04-11,37521872.01 
04/11/2025,COMISION DATANET,-37.24,04-11,37521834.77 
04/11/2025,IMPUESTO DEBITO -LEY 25413,-0.22,04-11,37521834.55 
04/11/2025,COMISION DATANET,-329.19,04-11,37521505.36 
04/11/2025,IMPUESTO DEBITO -LEY 25413,-1.98,04-11,37521503.38 
04/11/2025,COMISION DATANET,-1537.10,04-11,37519966.28 
04/11/2025,IMPUESTO DEBITO -LEY 25413,-9.22,04-11,37519957.06 
05/11/2025,CHEQUE DE CAMARA 011210316,-1253887.50,05-11,36266069.56 
05/11/2025,IMPUESTO DEBITO -LEY 25413     1950 COMPENSACION DE VALORES,-7523.33,05-11,36258546.23 
05/11/2025,CHEQUE DE CAMARA 011210335,-1483671.77,05-11,34774874.46 
05/11/2025,IMPUESTO DEBITO -LEY 25413     1950 COMPENSACION DE VALORES,-8902.03,05-11,34765972.43 
05/11/2025,CHEQUE DE CAMARA 011210350,-1520500.00,05-11,33245472.43 
05/11/2025,IMPUESTO DEBITO -LEY 25413     1950 COMPENSACION DE VALORES,-9123.00,05-11,33236349.43 
05/11/2025,PAGOS A COMERCIOS VISA - L. 0000254127 - C. 00003907330,440127.21,05-11,33676476.64 
05/11/2025,IMPUESTO CREDITO -LEY 25413    1002 MEDIOS DE PAGO,-2640.76,05-11,33673835.88 
05/11/2025,RETENCION ARBA                 1002 MEDIOS DE PAGO,-11003.10,05-11,33662832.78 
05/11/2025,IMPUESTO DEBITO -LEY 25413     1002 MEDIOS DE PAGO,-66.02,05-11,33662766.76 
05/11/2025,PAGOS A COMERCIOS VISA - L. 0000254221 - C. 00003907330,344156.70,05-11,34006923.46 
05/11/2025,IMPUESTO CREDITO -LEY 25413    1002 MEDIOS DE PAGO,-2064.94,05-11,34004858.52 
05/11/2025,RETENCION ARBA                 1002 MEDIOS DE PAGO,-8603.90,05-11,33996254.62 
05/11/2025,IMPUESTO DEBITO -LEY 25413     1002 MEDIOS DE PAGO,-51.62,05-11,33996203.00 
05/11/2025,PAGOS A COMERCIOS MASTERCARD - L. 0000254171 - C. 00003907330,121900.25,05-11,34118103.25 
05/11/2025,IMPUESTO CREDITO -LEY 25413    1002 MEDIOS DE PAGO,-731.40,05-11,34117371.85 
05/11/2025,RETENCION ARBA                 1002 MEDIOS DE PAGO,-3047.50,05-11,34114324.35 
05/11/2025,IMPUESTO DEBITO -LEY 25413     1002 MEDIOS DE PAGO,-18.29,05-11,34114306.06 
05/11/2025,PAGOS A COMERCIOS MASTERCARD - L. 0000254102 - C. 00003907330,70269.54,05-11,34184575.60 
05/11/2025,IMPUESTO CREDITO -LEY 25413    1002 MEDIOS DE PAGO,-421.62,05-11,34184153.98 
05/11/2025,RETENCION ARBA                 1002 MEDIOS DE PAGO,-1756.70,05-11,34182397.28 
05/11/2025,IMPUESTO DEBITO -LEY 25413     1002 MEDIOS DE PAGO,-10.54,05-11,34182386.74 
05/11/2025,CARGO A COMERCIOS MASTERCARD - L. 0000254018 - C. 00003907330,-2050.00,05-11,34180336.74 
05/11/2025,CR.DEBIN 05/11-S.996508 C:30657033770,17825.76,05-11,34198162.50 
05/11/2025,IMPUESTO CREDITO -LEY 25413,-106.95,05-11,34198055.55 
05/11/2025,RETENCION ARBA,-445.60,05-11,34197609.95 
05/11/2025,IMPUESTO DEBITO -LEY 25413,-2.67,05-11,34197607.28 
05/11/2025,CR.TRAN. 30715803891 RAPPI ARG SAS,64612.47,05-11,34262219.75 
05/11/2025,IMPUESTO CREDITO -LEY 25413    0814,-387.67,05-11,34261832.08 
05/11/2025,RETENCION ARBA                 0814,-1615.30,05-11,34260216.78 
05/11/2025,IMPUESTO DEBITO -LEY 25413     0814,-9.69,05-11,34260207.09 
05/11/2025,BIP DB TR 05/11-C.000104005666 DES:0014-01-624300028334,-548350.00,05-11,33711857.09 
05/11/2025,IMPUESTO DEBITO -LEY 25413,-3290.10,05-11,33708566.99 
05/11/2025,COMISION TRANSFERENCIA/GIRO,-805.00,05-11,33707761.99 
05/11/2025,CR.TRA. COL DE FARMACE 30550857061BCO. 014 REF.VAR 0000007076,2011520.00,05-11,35719281.99 
05/11/2025,IMPUESTO CREDITO -LEY 25413    5015 CALLE 12 (LA PLATA),-12069.12,05-11,35707212.87 
05/11/2025,RETENCION ARBA                 5015 CALLE 12 (LA PLATA),-50288.00,05-11,35656924.87 
05/11/2025,IMPUESTO DEBITO -LEY 25413     5015 CALLE 12 (LA PLATA),-301.73,05-11,35656623.14 
07/11/2025,P.SERV 05/11-COM.756945 -ENTE950 -30657033770,-6111214.57,07-11,29545408.57 
07/11/2025,IMPUESTO DEBITO -LEY 25413,-36667.29,07-11,29508741.28 
07/11/2025,CHEQUE DE CAMARA 007712632,-2284700.00,07-11,27224041.28 
07/11/2025,IMPUESTO DEBITO -LEY 25413     1950 COMPENSACION DE VALORES,-13708.20,07-11,27210333.08 
07/11/2025,CHEQUE DE CAMARA 011210328,-1557473.17,07-11,25652859.91 
07/11/2025,IMPUESTO DEBITO -LEY 25413     1950 COMPENSACION DE VALORES,-9344.84,07-11,25643515.07 
07/11/2025,CHEQUE DE CAMARA 013093385,-1280449.03,07-11,24363066.04 
07/11/2025,IMPUESTO DEBITO -LEY 25413     1950 COMPENSACION DE VALORES,-7682.69,07-11,24355383.35 
07/11/2025,CRED.TRF.06/11-C.591821 D:20280528944 N:GERHARDT,FEDERI,505000.00,07-11,24860383.35 
07/11/2025,IMPUESTO CREDITO -LEY 25413,-3030.00,07-11,24857353.35 
07/11/2025,RETENCION ARBA,-12625.00,07-11,24844728.35 
07/11/2025,IMPUESTO DEBITO -LEY 25413,-75.75,07-11,24844652.60 
07/11/2025,CR.TRAN. 30559880120 JOSE ANACLETO E HIJOS S A,117520.67,07-11,24962173.27 
07/11/2025,IMPUESTO CREDITO -LEY 25413    0101,-705.12,07-11,24961468.15 
07/11/2025,RETENCION ARBA                 0101,-2938.00,07-11,24958530.15 
07/11/2025,IMPUESTO DEBITO -LEY 25413     0101,-17.63,07-11,24958512.52 
07/11/2025,CR.TRAN. 30574816870 AMERICAN EXPRESS,69654.66,07-11,25028167.18 
07/11/2025,IMPUESTO CREDITO -LEY 25413    0001,-417.93,07-11,25027749.25 
07/11/2025,RETENCION ARBA                 0001,-1741.30,07-11,25026007.95 
07/11/2025,IMPUESTO DEBITO -LEY 25413     0001,-10.45,07-11,25025997.50 
07/11/2025,PAGOS A COMERCIOS VISA - L. 0000254304 - C. 00003907330,626545.40,07-11,25652542.90 
07/11/2025,IMPUESTO CREDITO -LEY 25413    1002 MEDIOS DE PAGO,-3759.27,07-11,25648783.63 
07/11/2025,RETENCION ARBA                 1002 MEDIOS DE PAGO,-15663.60,07-11,25633120.03 
07/11/2025,IMPUESTO DEBITO -LEY 25413     1002 MEDIOS DE PAGO,-93.98,07-11,25633026.05 
07/11/2025,PAGOS A COMERCIOS VISA - L. 0000254397 - C. 00003907330,263002.44,07-11,25896028.49 
07/11/2025,IMPUESTO CREDITO -LEY 25413    1002 MEDIOS DE PAGO,-1578.01,07-11,25894450.48 
07/11/2025,RETENCION ARBA                 1002 MEDIOS DE PAGO,-6575.00,07-11,25887875.48 
07/11/2025,IMPUESTO DEBITO -LEY 25413     1002 MEDIOS DE PAGO,-39.45,07-11,25887836.03 
07/11/2025,PAGOS A COMERCIOS MASTERCARD - L. 0000254278 - C. 00003907330,85659.15,07-11,25973495.18 
07/11/2025,IMPUESTO CREDITO -LEY 25413    1002 MEDIOS DE PAGO,-513.95,07-11,25972981.23 
07/11/2025,RETENCION ARBA                 1002 MEDIOS DE PAGO,-2141.40,07-11,25970839.83 
07/11/2025,IMPUESTO DEBITO -LEY 25413     1002 MEDIOS DE PAGO,-12.85,07-11,25970826.98 
07/11/2025,PAGOS A COMERCIOS MASTERCARD - L. 0000254350 - C. 00003907330,73216.40,07-11,26044043.38 
07/11/2025,IMPUESTO CREDITO -LEY 25413    1002 MEDIOS DE PAGO,-439.30,07-11,26043604.08 
07/11/2025,RETENCION ARBA                 1002 MEDIOS DE PAGO,-1830.40,07-11,26041773.68 
07/11/2025,IMPUESTO DEBITO -LEY 25413     1002 MEDIOS DE PAGO,-10.98,07-11,26041762.70 
07/11/2025,CARGO A COMERCIOS MASTERCARD - L. 0000254188 - C. 00003907330,-1922.80,07-11,26039839.90 
07/11/2025,CR.DEBIN 07/11-S.032838 C:30657033770,14260.61,07-11,26054100.51 
07/11/2025,IMPUESTO CREDITO -LEY 25413,-85.56,07-11,26054014.95 
07/11/2025,RETENCION ARBA,-356.50,07-11,26053658.45 
07/11/2025,IMPUESTO DEBITO -LEY 25413,-2.14,07-11,26053656.31 
07/11/2025,CR.DEBIN 07/11-S.255143 C:30657033770,3565.15,07-11,26057221.46 
07/11/2025,IMPUESTO CREDITO -LEY 25413,-21.39,07-11,26057200.07 
07/11/2025,RETENCION ARBA,-89.10,07-11,26057110.97 
07/11/2025,IMPUESTO DEBITO -LEY 25413,-0.53,07-11,26057110.44 
07/11/2025,CR.TRAN. 30624944255ETESORERIA GENERAL PCIA BS 00D00,1709639.54,07-11,27766749.98 
07/11/2025,IMPUESTO CREDITO -LEY 25413    2000 REGION Y CASA MATRIZ LA P,-10257.84,07-11,27756492.14 
07/11/2025,RETENCION ARBA                 2000 REGION Y CASA MATRIZ LA P,-42740.90,07-11,27713751.24 
07/11/2025,IMPUESTO DEBITO -LEY 25413     2000 REGION Y CASA MATRIZ LA P,-256.45,07-11,27713494.79 
07/11/2025,CR.TRAN. 30624944255ETESORERIA GENERAL PCIA BS 00D00,1715562.24,07-11,29429057.03 
07/11/2025,IMPUESTO CREDITO -LEY 25413    2000 REGION Y CASA MATRIZ LA P,-10293.37,07-11,29418763.66 
07/11/2025,RETENCION ARBA                 2000 REGION Y CASA MATRIZ LA P,-42889.00,07-11,29375874.66 
07/11/2025,IMPUESTO DEBITO -LEY 25413     2000 REGION Y CASA MATRIZ LA P,-257.33,07-11,29375617.33 
07/11/2025,CR.TRAN. 30624944255ETESORERIA GENERAL PCIA BS 00D00,581607.03,07-11,29957224.36 
07/11/2025,IMPUESTO CREDITO -LEY 25413    2000 REGION Y CASA MATRIZ LA P,-3489.64,07-11,29953734.72 
07/11/2025,RETENCION ARBA                 2000 REGION Y CASA MATRIZ LA P,-14540.10,07-11,29939194.62 
07/11/2025,IMPUESTO DEBITO -LEY 25413     2000 REGION Y CASA MATRIZ LA P,-87.24,07-11,29939107.38 
07/11/2025,CR.DEBIN 07/11-S.186862 C:30657033770,1980.64,07-11,29941088.02 
07/11/2025,IMPUESTO CREDITO -LEY 25413,-11.88,07-11,29941076.14 
07/11/2025,RETENCION ARBA,-49.50,07-11,29941026.64 
07/11/2025,IMPUESTO DEBITO -LEY 25413,-0.30,07-11,29941026.34 
07/11/2025,CR.TRA. COL DE FARMACE 30550857061BCO. 014 REF.FAC 0000007042,192080.00,07-11,30133106.34 
07/11/2025,IMPUESTO CREDITO -LEY 25413    5015 CALLE 12 (LA PLATA),-1152.48,07-11,30131953.86 
07/11/2025,RETENCION ARBA                 5015 CALLE 12 (LA PLATA),-4802.00,07-11,30127151.86 
07/11/2025,IMPUESTO DEBITO -LEY 25413     5015 CALLE 12 (LA PLATA),-28.81,07-11,30127123.05 
07/11/2025,REVERSA RETENCION ARBA,42889.00,07-11,30170012.05 
07/11/2025,REVERSA RETENCION ARBA,42740.90,07-11,30212752.95 
07/11/2025,REVERSA RETENCION ARBA,14540.10,07-11,30227293.05 
07/11/2025,REV. IMP.DEBITO.-LEY 25413,257.33,07-11,30227550.38 
07/11/2025,REV. IMP.DEBITO.-LEY 25413,256.45,07-11,30227806.83 
07/11/2025,REV. IMP.DEBITO.-LEY 25413,87.24,07-11,30227894.07 
07/11/2025,COMISION DATANET,-34.82,07-11,30227859.25 
07/11/2025,IMPUESTO DEBITO -LEY 25413,-0.21,07-11,30227859.04 
07/11/2025,COMISION DATANET,-58.76,07-11,30227800.28 
07/11/2025,IMPUESTO DEBITO -LEY 25413,-0.35,07-11,30227799.93 
07/11/2025,COMISION DATANET,-2003.39,07-11,30225796.54 
07/11/2025,IMPUESTO DEBITO -LEY 25413,-12.02,07-11,30225784.52 
10/11/2025,CHEQUE DE CAMARA 007712639,-2595232.00,10-11,27630552.52 
10/11/2025,IMPUESTO DEBITO -LEY 25413     1952 CONTABILIDAD Y CONCILIACI,-15571.39,10-11,27614981.13 
10/11/2025,CHEQUE DE CAMARA 011210318,-1652747.40,10-11,25962233.73 
10/11/2025,IMPUESTO DEBITO -LEY 25413     1950 COMPENSACION DE VALORES,-9916.48,10-11,25952317.25 
10/11/2025,CHEQUE DE CAMARA 011210331,-688359.15,10-11,25263958.10 
10/11/2025,IMPUESTO DEBITO -LEY 25413     1950 COMPENSACION DE VALORES,-4130.15,10-11,25259827.95 
10/11/2025,PAGOS A COMERCIOS VISA - L. 0000254484 - C. 00003907330,918532.24,10-11,26178360.19 
10/11/2025,IMPUESTO CREDITO -LEY 25413    1002 MEDIOS DE PAGO,-5511.19,10-11,26172849.00 
10/11/2025,RETENCION ARBA                 1002 MEDIOS DE PAGO,-22963.30,10-11,26149885.70 
10/11/2025,IMPUESTO DEBITO -LEY 25413     1002 MEDIOS DE PAGO,-137.78,10-11,26149747.92 
10/11/2025,PAGOS A COMERCIOS VISA - L. 0000254593 - C. 00003907330,467187.07,10-11,26616934.99 
10/11/2025,IMPUESTO CREDITO -LEY 25413    1002 MEDIOS DE PAGO,-2803.12,10-11,26614131.87 
10/11/2025,RETENCION ARBA                 1002 MEDIOS DE PAGO,-11679.60,10-11,26602452.27 
10/11/2025,IMPUESTO DEBITO -LEY 25413     1002 MEDIOS DE PAGO,-70.08,10-11,26602382.19 
10/11/2025,PAGOS A COMERCIOS MASTERCARD - L. 0000254447 - C. 00003907330,313676.57,10-11,26916058.76 
10/11/2025,IMPUESTO CREDITO -LEY 25413    1002 MEDIOS DE PAGO,-1882.06,10-11,26914176.70 
10/11/2025,RETENCION ARBA                 1002 MEDIOS DE PAGO,-7841.90,10-11,26906334.80 
10/11/2025,IMPUESTO DEBITO -LEY 25413     1002 MEDIOS DE PAGO,-47.05,10-11,26906287.75 
10/11/2025,PAGOS A COMERCIOS CABAL - L. 0000292968 - C. 88603907330,73830.18,10-11,26980117.93 
10/11/2025,IMPUESTO CREDITO -LEY 25413    1002 MEDIOS DE PAGO,-442.98,10-11,26979674.95 
10/11/2025,RETENCION ARBA                 1002 MEDIOS DE PAGO,-1845.70,10-11,26977829.25 
10/11/2025,IMPUESTO DEBITO -LEY 25413     1002 MEDIOS DE PAGO,-11.07,10-11,26977818.18 
10/11/2025,PAGOS A COMERCIOS MASTERCARD - L. 0000254536 - C. 00003907330,58287.47,10-11,27036105.65 
10/11/2025,IMPUESTO CREDITO -LEY 25413    1002 MEDIOS DE PAGO,-349.72,10-11,27035755.93 
10/11/2025,RETENCION ARBA                 1002 MEDIOS DE PAGO,-1457.10,10-11,27034298.83 
10/11/2025,IMPUESTO DEBITO -LEY 25413     1002 MEDIOS DE PAGO,-8.74,10-11,27034290.09 
10/11/2025,CARGO A COMERCIOS MASTERCARD - L. 0000254365 - C. 00003907330,-1780.00,10-11,27032510.09 
10/11/2025,CR.TRAN. 30574816870 AMERICAN EXPRESS,393951.24,10-11,27426461.33 
10/11/2025,IMPUESTO CREDITO -LEY 25413    0001,-2363.71,10-11,27424097.62 
10/11/2025,RETENCION ARBA                 0001,-9848.70,10-11,27414248.92 
10/11/2025,IMPUESTO DEBITO -LEY 25413     0001,-59.09,10-11,27414189.83 
10/11/2025,CR.DEBIN 10/11-S.181323 C:30657033770,26738.64,10-11,27440928.47 
10/11/2025,IMPUESTO CREDITO -LEY 25413,-160.43,10-11,27440768.04 
10/11/2025,RETENCION ARBA,-668.40,10-11,27440099.64 
10/11/2025,IMPUESTO DEBITO -LEY 25413,-4.01,10-11,27440095.63 
10/11/2025,CR.TRAN. 30624944255ETESORERIA GENERAL PCIA BS 00D00,4496185.58,10-11,31936281.21 
10/11/2025,IMPUESTO CREDITO -LEY 25413    2000 REGION Y CASA MATRIZ LA P,-26977.11,10-11,31909304.10 
10/11/2025,RETENCION ARBA                 2000 REGION Y CASA MATRIZ LA P,-112404.60,10-11,31796899.50 
10/11/2025,IMPUESTO DEBITO -LEY 25413     2000 REGION Y CASA MATRIZ LA P,-674.43,10-11,31796225.07 
10/11/2025,CR.TRAN. 30624944255ETESORERIA GENERAL PCIA BS 00D00,814512.86,10-11,32610737.93 
10/11/2025,IMPUESTO CREDITO -LEY 25413    2000 REGION Y CASA MATRIZ LA P,-4887.08,10-11,32605850.85 
10/11/2025,RETENCION ARBA                 2000 REGION Y CASA MATRIZ LA P,-20362.80,10-11,32585488.05 
10/11/2025,IMPUESTO DEBITO -LEY 25413     2000 REGION Y CASA MATRIZ LA P,-122.18,10-11,32585365.87 
10/11/2025,CR.TRAN. 30624944255ETESORERIA GENERAL PCIA BS 00D00,5561469.58,10-11,38146835.45 
10/11/2025,IMPUESTO CREDITO -LEY 25413    2000 REGION Y CASA MATRIZ LA P,-33368.82,10-11,38113466.63 
10/11/2025,RETENCION ARBA                 2000 REGION Y CASA MATRIZ LA P,-139036.70,10-11,37974429.93 
10/11/2025,IMPUESTO DEBITO -LEY 25413     2000 REGION Y CASA MATRIZ LA P,-834.22,10-11,37973595.71 
10/11/2025,PAGO LIQUIDACION VISA          1002 MEDIOS DE PAGO,-7050408.63,10-11,30923187.08 
10/11/2025,IMPUESTO DEBITO -LEY 25413     1002 MEDIOS DE PAGO,-42302.45,10-11,30880884.63 
10/11/2025,REVERSA RETENCION ARBA,139036.70,10-11,31019921.33 
10/11/2025,REVERSA RETENCION ARBA,112404.60,10-11,31132325.93 
10/11/2025,REVERSA RETENCION ARBA,20362.80,10-11,31152688.73 
10/11/2025,REV. IMP.DEBITO.-LEY 25413,834.22,10-11,31153522.95 
10/11/2025,REV. IMP.DEBITO.-LEY 25413,674.43,10-11,31154197.38 
10/11/2025,REV. IMP.DEBITO.-LEY 25413,122.18,10-11,31154319.56 
10/11/2025,COMISION MENSUAL TRANSFER. DESDE 01-10-2025 HASTA 31-10-2025,-38.00,10-11,31154281.56 
10/11/2025,IMPUESTO DEBITO -LEY 25413,-0.23,10-11,31154281.33 
10/11/2025,COMISION DATANET,-196.97,10-11,31154084.36 
10/11/2025,IMPUESTO DEBITO -LEY 25413,-1.18,10-11,31154083.18 
10/11/2025,COMISION DATANET,-2248.09,10-11,31151835.09 
10/11/2025,IMPUESTO DEBITO -LEY 25413,-13.49,10-11,31151821.60 
10/11/2025,COMISION DATANET,-3187.98,10-11,31148633.62 
10/11/2025,IMPUESTO DEBITO -LEY 25413,-19.13,10-11,31148614.49 
11/11/2025,CR.DEBIN 10/11-S.413312 C:30657033770,20598.66,11-11,31169213.15 
11/11/2025,IMPUESTO CREDITO -LEY 25413,-123.59,11-11,31169089.56 
11/11/2025,RETENCION ARBA,-514.90,11-11,31168574.66 
11/11/2025,IMPUESTO DEBITO -LEY 25413,-3.09,11-11,31168571.57 
11/11/2025,CHEQUE DE CAMARA 007712640,-1585839.02,11-11,29582732.55 
11/11/2025,IMPUESTO DEBITO -LEY 25413     1950 COMPENSACION DE VALORES,-9515.03,11-11,29573217.52 
11/11/2025,CHEQUE DE CAMARA 013093357,-1763242.36,11-11,27809975.16 
11/11/2025,IMPUESTO DEBITO -LEY 25413     1950 COMPENSACION DE VALORES,-10579.45,11-11,27799395.71 
11/11/2025,CR.TRAN. 30574816870 AMERICAN EXPRESS,53186.00,11-11,27852581.71 
11/11/2025,IMPUESTO CREDITO -LEY 25413    0001,-319.12,11-11,27852262.59 
11/11/2025,RETENCION ARBA                 0001,-1329.60,11-11,27850932.99 
11/11/2025,IMPUESTO DEBITO -LEY 25413     0001,-7.98,11-11,27850925.01 
11/11/2025,PAGOS A COMERCIOS VISA - L. 0000254681 - C. 00003907330,1143789.17,11-11,28994714.18 
11/11/2025,IMPUESTO CREDITO -LEY 25413    1002 MEDIOS DE PAGO,-6862.74,11-11,28987851.44 
11/11/2025,RETENCION ARBA                 1002 MEDIOS DE PAGO,-28594.70,11-11,28959256.74 
11/11/2025,IMPUESTO DEBITO -LEY 25413     1002 MEDIOS DE PAGO,-171.57,11-11,28959085.17 
11/11/2025,PAGOS A COMERCIOS VISA - L. 0000254800 - C. 00003907330,287493.62,11-11,29246578.79 
11/11/2025,IMPUESTO CREDITO -LEY 25413    1002 MEDIOS DE PAGO,-1724.96,11-11,29244853.83 
11/11/2025,RETENCION ARBA                 1002 MEDIOS DE PAGO,-7187.30,11-11,29237666.53 
11/11/2025,IMPUESTO DEBITO -LEY 25413     1002 MEDIOS DE PAGO,-43.12,11-11,29237623.41 
11/11/2025,PAGOS A COMERCIOS MASTERCARD - L. 0000254638 - C. 00003907330,127956.38,11-11,29365579.79 
11/11/2025,IMPUESTO CREDITO -LEY 25413    1002 MEDIOS DE PAGO,-767.74,11-11,29364812.05 
11/11/2025,RETENCION ARBA                 1002 MEDIOS DE PAGO,-3198.90,11-11,29361613.15 
11/11/2025,IMPUESTO DEBITO -LEY 25413     1002 MEDIOS DE PAGO,-19.19,11-11,29361593.96 
11/11/2025,PAGOS A COMERCIOS MASTERCARD - L. 0000254736 - C. 00003907330,106753.75,11-11,29468347.71 
11/11/2025,IMPUESTO CREDITO -LEY 25413    1002 MEDIOS DE PAGO,-640.52,11-11,29467707.19 
11/11/2025,RETENCION ARBA                 1002 MEDIOS DE PAGO,-2668.80,11-11,29465038.39 
11/11/2025,IMPUESTO DEBITO -LEY 25413     1002 MEDIOS DE PAGO,-16.01,11-11,29465022.38 
11/11/2025,PAGOS A COMERCIOS CABAL - L. 0000341802 - C. 88603907330,29497.73,11-11,29494520.11 
11/11/2025,IMPUESTO CREDITO -LEY 25413    1002 MEDIOS DE PAGO,-176.99,11-11,29494343.12 
11/11/2025,RETENCION ARBA                 1002 MEDIOS DE PAGO,-737.40,11-11,29493605.72 
11/11/2025,IMPUESTO DEBITO -LEY 25413     1002 MEDIOS DE PAGO,-4.42,11-11,29493601.30 
11/11/2025,CARGO A COMERCIOS MASTERCARD - L. 0000254558 - C. 00003907330,-360.00,11-11,29493241.30 
11/11/2025,PAGO PROVEEDORES SIN COMISION  5053 ZONA ESTE (LA PLATA),902343.50,11-11,30395584.80 
11/11/2025,IMPUESTO CREDITO -LEY 25413    5053 ZONA ESTE (LA PLATA),-5414.06,11-11,30390170.74 
11/11/2025,RETENCION ARBA                 5053 ZONA ESTE (LA PLATA),-22558.50,11-11,30367612.24 
11/11/2025,IMPUESTO DEBITO -LEY 25413     5053 ZONA ESTE (LA PLATA),-135.35,11-11,30367476.89 
11/11/2025,CR.TRAN. 30601290592 AGREM ODONT DE BERISSO,604715.31,11-11,30972192.20 
11/11/2025,IMPUESTO CREDITO -LEY 25413    4930,-3628.29,11-11,30968563.91 
11/11/2025,RETENCION ARBA                 4930,-15117.80,11-11,30953446.11 
11/11/2025,IMPUESTO DEBITO -LEY 25413     4930,-90.71,11-11,30953355.40 
11/11/2025,COMISION DATANET,-26.59,11-11,30953328.81 
11/11/2025,IMPUESTO DEBITO -LEY 25413,-0.16,11-11,30953328.65 
11/11/2025,COMISION DATANET,-302.35,11-11,30953026.30 
11/11/2025,IMPUESTO DEBITO -LEY 25413,-1.81,11-11,30953024.49 
12/11/2025,CHEQUE DE CAMARA 011210343,-1500000.00,12-11,29453024.49 
12/11/2025,IMPUESTO DEBITO -LEY 25413     1950 COMPENSACION DE VALORES,-9000.00,12-11,29444024.49 
12/11/2025,CHEQUE DE CAMARA 011210349,-2021260.54,12-11,27422763.95 
12/11/2025,IMPUESTO DEBITO -LEY 25413     1950 COMPENSACION DE VALORES,-12127.56,12-11,27410636.39 
12/11/2025,PAGOS A COMERCIOS VISA - L. 0000254867 - C. 00003907330,539100.23,12-11,27949736.62 
12/11/2025,IMPUESTO CREDITO -LEY 25413    1002 MEDIOS DE PAGO,-3234.60,12-11,27946502.02 
12/11/2025,RETENCION ARBA                 1002 MEDIOS DE PAGO,-13477.50,12-11,27933024.52 
12/11/2025,IMPUESTO DEBITO -LEY 25413     1002 MEDIOS DE PAGO,-80.87,12-11,27932943.65 
12/11/2025,PAGOS A COMERCIOS VISA - L. 0000254967 - C. 00003907330,298112.01,12-11,28231055.66 
12/11/2025,IMPUESTO CREDITO -LEY 25413    1002 MEDIOS DE PAGO,-1788.67,12-11,28229266.99 
12/11/2025,RETENCION ARBA                 1002 MEDIOS DE PAGO,-7452.80,12-11,28221814.19 
12/11/2025,IMPUESTO DEBITO -LEY 25413     1002 MEDIOS DE PAGO,-44.72,12-11,28221769.47 
12/11/2025,PAGOS A COMERCIOS MASTERCARD - L. 0000254848 - C. 00003907330,90692.23,12-11,28312461.70 
12/11/2025,IMPUESTO CREDITO -LEY 25413    1002 MEDIOS DE PAGO,-544.15,12-11,28311917.55 
12/11/2025,RETENCION ARBA                 1002 MEDIOS DE PAGO,-2267.30,12-11,28309650.25 
12/11/2025,IMPUESTO DEBITO -LEY 25413     1002 MEDIOS DE PAGO,-13.60,12-11,28309636.65 
12/11/2025,PAGOS A COMERCIOS MASTERCARD - L. 0000254912 - C. 00003907330,67171.22,12-11,28376807.87 
12/11/2025,IMPUESTO CREDITO -LEY 25413    1002 MEDIOS DE PAGO,-403.03,12-11,28376404.84 
12/11/2025,RETENCION ARBA                 1002 MEDIOS DE PAGO,-1679.20,12-11,28374725.64 
12/11/2025,IMPUESTO DEBITO -LEY 25413     1002 MEDIOS DE PAGO,-10.08,12-11,28374715.56 
12/11/2025,CARGO A COMERCIOS MASTERCARD - L. 0000254758 - C. 00003907330,-400.00,12-11,28374315.56 
12/11/2025,CR.TRAN. 30715803891 RAPPI ARG SAS,62899.27,12-11,28437214.83 
12/11/2025,IMPUESTO CREDITO -LEY 25413    0814,-377.40,12-11,28436837.43 
12/11/2025,RETENCION ARBA                 0814,-1572.40,12-11,28435265.03 
12/11/2025,IMPUESTO DEBITO -LEY 25413     0814,-9.43,12-11,28435255.60 
12/11/2025,CR.TRAN. 30715803891 RAPPI ARG SAS,54742.11,12-11,28489997.71 
12/11/2025,IMPUESTO CREDITO -LEY 25413    0814,-328.45,12-11,28489669.26 
12/11/2025,RETENCION ARBA                 0814,-1368.50,12-11,28488300.76 
12/11/2025,IMPUESTO DEBITO -LEY 25413     0814,-8.21,12-11,28488292.55 
12/11/2025,CR.DEBIN 12/11-S.099450 C:30657033770,11883.84,12-11,28500176.39 
12/11/2025,IMPUESTO CREDITO -LEY 25413,-71.30,12-11,28500105.09 
12/11/2025,RETENCION ARBA,-297.00,12-11,28499808.09 
12/11/2025,IMPUESTO DEBITO -LEY 25413,-1.78,12-11,28499806.31 
12/11/2025,BIP CR TR 12/11-C.000166411988 ORI:0014-01-200000365620,900000.00,12-11,29399806.31 
12/11/2025,IMPUESTO CREDITO -LEY 25413    2000 REGION Y CASA MATRIZ LA P,-5400.00,12-11,29394406.31 
12/11/2025,RETENCION ARBA                 2000 REGION Y CASA MATRIZ LA P,-22500.00,12-11,29371906.31 
12/11/2025,IMPUESTO DEBITO -LEY 25413     2000 REGION Y CASA MATRIZ LA P,-135.00,12-11,29371771.31 
12/11/2025,BIP CR TR 12/11-C.000125663257 ORI:0014-01-200000876681,380000.00,12-11,29751771.31 
12/11/2025,IMPUESTO CREDITO -LEY 25413    2000 REGION Y CASA MATRIZ LA P,-2280.00,12-11,29749491.31 
12/11/2025,RETENCION ARBA                 2000 REGION Y CASA MATRIZ LA P,-9500.00,12-11,29739991.31 
12/11/2025,IMPUESTO DEBITO -LEY 25413     2000 REGION Y CASA MATRIZ LA P,-57.00,12-11,29739934.31 
12/11/2025,CR.TRAN. 30624944255ETESORERIA GENERAL PCIA BS 00D00,14179068.60,12-11,43919002.91 
12/11/2025,IMPUESTO CREDITO -LEY 25413    2000 REGION Y CASA MATRIZ LA P,-85074.41,12-11,43833928.50 
12/11/2025,RETENCION ARBA                 2000 REGION Y CASA MATRIZ LA P,-354476.70,12-11,43479451.80 
12/11/2025,IMPUESTO DEBITO -LEY 25413     2000 REGION Y CASA MATRIZ LA P,-2126.86,12-11,43477324.94 
12/11/2025,REVERSA RETENCION ARBA,354476.70,12-11,43831801.64 
12/11/2025,REV. IMP.DEBITO.-LEY 25413,2126.86,12-11,43833928.50 
12/11/2025,COMISION DATANET,-27.37,12-11,43833901.13 
12/11/2025,IMPUESTO DEBITO -LEY 25413,-0.16,12-11,43833900.97 
12/11/2025,COMISION DATANET,-31.44,12-11,43833869.53 
12/11/2025,IMPUESTO DEBITO -LEY 25413,-0.19,12-11,43833869.34 
12/11/2025,COMISION DATANET,-7089.53,12-11,43826779.81 
12/11/2025,IMPUESTO I.BRUTOS - PERCEPCION,-354.48,12-11,43826425.33 
12/11/2025,IMPUESTO DEBITO -LEY 25413,-42.54,12-11,43826382.79 
12/11/2025,IMPUESTO DEBITO -LEY 25413,-2.13,12-11,43826380.66 
13/11/2025,CHEQUE DE CAMARA 013093353,-2000000.00,13-11,41826380.66 
13/11/2025,IMPUESTO DEBITO -LEY 25413     1950 COMPENSACION DE VALORES,-12000.00,13-11,41814380.66 
13/11/2025,CHEQUE DE CAMARA 013093367,-12816325.02,13-11,28998055.64 
13/11/2025,IMPUESTO DEBITO -LEY 25413     1950 COMPENSACION DE VALORES,-76897.95,13-11,28921157.69 
13/11/2025,CR.DEBIN 13/11-S.591348 C:30657033770,13864.48,13-11,28935022.17 
13/11/2025,IMPUESTO CREDITO -LEY 25413,-83.19,13-11,28934938.98 
13/11/2025,RETENCION ARBA,-346.60,13-11,28934592.38 
13/11/2025,IMPUESTO DEBITO -LEY 25413,-2.08,13-11,28934590.30 
13/11/2025,PAGOS A COMERCIOS VISA - L. 0000255052 - C. 00003907330,421075.34,13-11,29355665.64 
13/11/2025,IMPUESTO CREDITO -LEY 25413    1002 MEDIOS DE PAGO,-2526.45,13-11,29353139.19 
13/11/2025,RETENCION ARBA                 1002 MEDIOS DE PAGO,-10526.80,13-11,29342612.39 
13/11/2025,IMPUESTO DEBITO -LEY 25413     1002 MEDIOS DE PAGO,-63.16,13-11,29342549.23 
13/11/2025,PAGOS A COMERCIOS VISA - L. 0000255143 - C. 00003907330,225902.09,13-11,29568451.32 
13/11/2025,IMPUESTO CREDITO -LEY 25413    1002 MEDIOS DE PAGO,-1355.41,13-11,29567095.91 
13/11/2025,RETENCION ARBA                 1002 MEDIOS DE PAGO,-5647.50,13-11,29561448.41 
13/11/2025,IMPUESTO DEBITO -LEY 25413     1002 MEDIOS DE PAGO,-33.89,13-11,29561414.52 
13/11/2025,PAGOS A COMERCIOS MASTERCARD - L. 0000255023 - C. 00003907330,55363.88,13-11,29616778.40 
13/11/2025,IMPUESTO CREDITO -LEY 25413    1002 MEDIOS DE PAGO,-332.18,13-11,29616446.22 
13/11/2025,RETENCION ARBA                 1002 MEDIOS DE PAGO,-1384.00,13-11,29615062.22 
13/11/2025,IMPUESTO DEBITO -LEY 25413     1002 MEDIOS DE PAGO,-8.30,13-11,29615053.92 
13/11/2025,PAGOS A COMERCIOS MASTERCARD - L. 0000255099 - C. 00003907330,42667.36,13-11,29657721.28 
13/11/2025,IMPUESTO CREDITO -LEY 25413    1002 MEDIOS DE PAGO,-256.00,13-11,29657465.28 
13/11/2025,RETENCION ARBA                 1002 MEDIOS DE PAGO,-1066.60,13-11,29656398.68 
13/11/2025,IMPUESTO DEBITO -LEY 25413     1002 MEDIOS DE PAGO,-6.40,13-11,29656392.28 
13/11/2025,CARGO A COMERCIOS MASTERCARD - L. 0000254937 - C. 00003907330,-956.00,13-11,29655436.28 
13/11/2025,CR.DEBIN 13/11-S.864516 C:30657033770,3961.28,13-11,29659397.56 
13/11/2025,IMPUESTO CREDITO -LEY 25413,-23.77,13-11,29659373.79 
13/11/2025,RETENCION ARBA,-99.00,13-11,29659274.79 
13/11/2025,IMPUESTO DEBITO -LEY 25413,-0.59,13-11,29659274.20 
13/11/2025,CR.TRAN. 30718689895 ACAPLA ASOCIACION CIVIL,1452000.00,13-11,31111274.20 
13/11/2025,IMPUESTO CREDITO -LEY 25413    4930,-8712.00,13-11,31102562.20 
13/11/2025,RETENCION ARBA                 4930,-36300.00,13-11,31066262.20 
13/11/2025,IMPUESTO DEBITO -LEY 25413     4930,-217.80,13-11,31066044.40 
13/11/2025,CR.DEBIN 13/11-S.526382 C:30657033770,9903.20,13-11,31075947.60 
13/11/2025,IMPUESTO CREDITO -LEY 25413,-59.42,13-11,31075888.18 
13/11/2025,RETENCION ARBA,-247.50,13-11,31075640.68 
13/11/2025,IMPUESTO DEBITO -LEY 25413,-1.49,13-11,31075639.19 
13/11/2025,CR.TRAN. 30624944255ETESORERIA GENERAL PCIA BS 00D00,506773.03,13-11,31582412.22 
13/11/2025,IMPUESTO CREDITO -LEY 25413    2000 REGION Y CASA MATRIZ LA P,-3040.64,13-11,31579371.58 
13/11/2025,RETENCION ARBA                 2000 REGION Y CASA MATRIZ LA P,-12669.30,13-11,31566702.28 
13/11/2025,IMPUESTO DEBITO -LEY 25413     2000 REGION Y CASA MATRIZ LA P,-76.02,13-11,31566626.26 
13/11/2025,CR.TRAN. 30625734343 FUND FAC DE AGRO,945000.00,13-11,32511626.26 
13/11/2025,IMPUESTO CREDITO -LEY 25413    0001,-5670.00,13-11,32505956.26 
13/11/2025,RETENCION ARBA                 0001,-23625.00,13-11,32482331.26 
13/11/2025,IMPUESTO DEBITO -LEY 25413     0001,-141.75,13-11,32482189.51 
13/11/2025,BIP DB.TR.13/11-C.469681 D:30716432137 N:EVENT PLANER S,-1000000.00,13-11,31482189.51 
13/11/2025,IMPUESTO DEBITO -LEY 25413,-6000.00,13-11,31476189.51 
13/11/2025,COMISION TRANSFERENCIA/GIRO,-805.00,13-11,31475384.51 
13/11/2025,REVERSA RETENCION ARBA,12669.30,13-11,31488053.81 
13/11/2025,REV. IMP.DEBITO.-LEY 25413,76.02,13-11,31488129.83 
13/11/2025,COMISION DATANET,-253.38,13-11,31487876.45 
13/11/2025,IMPUESTO DEBITO -LEY 25413,-1.52,13-11,31487874.93 
13/11/2025,COMISION DATANET,-472.50,13-11,31487402.43 
13/11/2025,IMPUESTO DEBITO -LEY 25413,-2.84,13-11,31487399.59 
13/11/2025,COMISION DATANET,-726.00,13-11,31486673.59 
13/11/2025,IMPUESTO DEBITO -LEY 25413,-4.36,13-11,31486669.23 
14/11/2025,CR.DEBIN 13/11-S.664227 C:30657033770,14854.80,14-11,31501524.03 
14/11/2025,IMPUESTO CREDITO -LEY 25413,-89.13,14-11,31501434.90 
14/11/2025,RETENCION ARBA,-371.30,14-11,31501063.60 
14/11/2025,IMPUESTO DEBITO -LEY 25413,-2.23,14-11,31501061.37 
14/11/2025,CR.DEBIN 13/11-S.533879 C:30657033770,8912.88,14-11,31509974.25 
14/11/2025,IMPUESTO CREDITO -LEY 25413,-53.48,14-11,31509920.77 
14/11/2025,RETENCION ARBA,-222.80,14-11,31509697.97 
14/11/2025,IMPUESTO DEBITO -LEY 25413,-1.34,14-11,31509696.63 
14/11/2025,BIP DB.TR.13/11-C.428002 D:20181354640 N:LOPRESTI MARCE,-935000.00,14-11,30574696.63 
14/11/2025,IMPUESTO DEBITO -LEY 25413,-5610.00,14-11,30569086.63 
14/11/2025,COMISION TRANSFERENCIA/GIRO,-4635.00,14-11,30564451.63 
14/11/2025,IMPUESTO DEBITO -LEY 25413,-27.81,14-11,30564423.82 
14/11/2025,CHEQUE DE CAMARA 007712644,-2638304.00,14-11,27926119.82 
14/11/2025,IMPUESTO DEBITO -LEY 25413     1952 CONTABILIDAD Y CONCILIACI,-15829.82,14-11,27910290.00 
14/11/2025,PAGOS A COMERCIOS VISA - L. 0000255222 - C. 00003907330,745982.25,14-11,28656272.25 
14/11/2025,IMPUESTO CREDITO -LEY 25413    1002 MEDIOS DE PAGO,-4475.89,14-11,28651796.36 
14/11/2025,RETENCION ARBA                 1002 MEDIOS DE PAGO,-18649.50,14-11,28633146.86 
14/11/2025,IMPUESTO DEBITO -LEY 25413     1002 MEDIOS DE PAGO,-111.90,14-11,28633034.96 
14/11/2025,PAGOS A COMERCIOS VISA - L. 0000255313 - C. 00003907330,387299.50,14-11,29020334.46 
14/11/2025,IMPUESTO CREDITO -LEY 25413    1002 MEDIOS DE PAGO,-2323.80,14-11,29018010.66 
14/11/2025,RETENCION ARBA                 1002 MEDIOS DE PAGO,-9682.40,14-11,29008328.26 
14/11/2025,IMPUESTO DEBITO -LEY 25413     1002 MEDIOS DE PAGO,-58.09,14-11,29008270.17 
14/11/2025,PAGOS A COMERCIOS MASTERCARD - L. 0000255271 - C. 00003907330,124240.70,14-11,29132510.87 
14/11/2025,IMPUESTO CREDITO -LEY 25413    1002 MEDIOS DE PAGO,-745.44,14-11,29131765.43 
14/11/2025,RETENCION ARBA                 1002 MEDIOS DE PAGO,-3106.00,14-11,29128659.43 
14/11/2025,IMPUESTO DEBITO -LEY 25413     1002 MEDIOS DE PAGO,-18.64,14-11,29128640.79 
14/11/2025,PAGOS A COMERCIOS MASTERCARD - L. 0000255192 - C. 00003907330,71818.18,14-11,29200458.97 
14/11/2025,IMPUESTO CREDITO -LEY 25413    1002 MEDIOS DE PAGO,-430.91,14-11,29200028.06 
14/11/2025,RETENCION ARBA                 1002 MEDIOS DE PAGO,-1795.40,14-11,29198232.66 
14/11/2025,IMPUESTO DEBITO -LEY 25413     1002 MEDIOS DE PAGO,-10.77,14-11,29198221.89 
14/11/2025,PAGOS A COMERCIOS MASTERCARD - L. 0000255219 - C. 00003907330,3484.44,14-11,29201706.33 
14/11/2025,IMPUESTO CREDITO -LEY 25413    1002 MEDIOS DE PAGO,-20.91,14-11,29201685.42 
14/11/2025,RETENCION ARBA                 1002 MEDIOS DE PAGO,-87.10,14-11,29201598.32 
14/11/2025,IMPUESTO DEBITO -LEY 25413     1002 MEDIOS DE PAGO,-0.52,14-11,29201597.80 
14/11/2025,CR.TRAN. 30580873274ITERAPIA RADIANTE S.A. 00X47,502004.56,14-11,29703602.36 
14/11/2025,IMPUESTO CREDITO -LEY 25413    0990,-3012.03,14-11,29700590.33 
14/11/2025,RETENCION ARBA                 0990,-12550.10,14-11,29688040.23 
14/11/2025,IMPUESTO DEBITO -LEY 25413     0990,-75.30,14-11,29687964.93 
14/11/2025,CR.DEBIN 14/11-S.053798 C:30657033770,19806.40,14-11,29707771.33 
14/11/2025,IMPUESTO CREDITO -LEY 25413,-118.84,14-11,29707652.49 
14/11/2025,RETENCION ARBA,-495.10,14-11,29707157.39 
14/11/2025,IMPUESTO DEBITO -LEY 25413,-2.97,14-11,29707154.42 
14/11/2025,CR.DEBIN 14/11-S.464757 C:30657033770,8912.88,14-11,29716067.30 
14/11/2025,IMPUESTO CREDITO -LEY 25413,-53.48,14-11,29716013.82 
14/11/2025,RETENCION ARBA,-222.80,14-11,29715791.02 
14/11/2025,IMPUESTO DEBITO -LEY 25413,-1.34,14-11,29715789.68 
14/11/2025,CR.TRAN. 30624944255ETESORERIA GENERAL PCIA BS 00D00,1582559.34,14-11,31298349.02 
14/11/2025,IMPUESTO CREDITO -LEY 25413    2000 REGION Y CASA MATRIZ LA P,-9495.36,14-11,31288853.66 
14/11/2025,RETENCION ARBA                 2000 REGION Y CASA MATRIZ LA P,-39563.90,14-11,31249289.76 
14/11/2025,IMPUESTO DEBITO -LEY 25413     2000 REGION Y CASA MATRIZ LA P,-237.38,14-11,31249052.38 
14/11/2025,CR.DEBIN 14/11-S.057488 C:30657033770,1980.64,14-11,31251033.02 
14/11/2025,IMPUESTO CREDITO -LEY 25413,-11.88,14-11,31251021.14 
14/11/2025,RETENCION ARBA,-49.50,14-11,31250971.64 
14/11/2025,IMPUESTO DEBITO -LEY 25413,-0.30,14-11,31250971.34 
14/11/2025,CR.DEBIN 14/11-S.135171 C:30657033770,5941.92,14-11,31256913.26 
14/11/2025,IMPUESTO CREDITO -LEY 25413,-35.65,14-11,31256877.61 
14/11/2025,RETENCION ARBA,-148.50,14-11,31256729.11 
14/11/2025,IMPUESTO DEBITO -LEY 25413,-0.89,14-11,31256728.22 
14/11/2025,CR.DEBIN 14/11-S.321313 C:30657033770,15845.12,14-11,31272573.34 
14/11/2025,IMPUESTO CREDITO -LEY 25413,-95.07,14-11,31272478.27 
14/11/2025,RETENCION ARBA,-396.10,14-11,31272082.17 
14/11/2025,IMPUESTO DEBITO -LEY 25413,-2.38,14-11,31272079.79 
14/11/2025,CR.TRAN. 30624944255ETESORERIA GENERAL PCIA BS 00D00,1084783.40,14-11,32356863.19 
14/11/2025,IMPUESTO CREDITO -LEY 25413    2000 REGION Y CASA MATRIZ LA P,-6508.70,14-11,32350354.49 
14/11/2025,RETENCION ARBA                 2000 REGION Y CASA MATRIZ LA P,-27119.50,14-11,32323234.99 
14/11/2025,IMPUESTO DEBITO -LEY 25413     2000 REGION Y CASA MATRIZ LA P,-162.72,14-11,32323072.27 
14/11/2025,CR.TRAN. 30624944255ETESORERIA GENERAL PCIA BS 00D00,860623.40,14-11,33183695.67 
14/11/2025,IMPUESTO CREDITO -LEY 25413    2000 REGION Y CASA MATRIZ LA P,-5163.74,14-11,33178531.93 
14/11/2025,RETENCION ARBA                 2000 REGION Y CASA MATRIZ LA P,-21515.50,14-11,33157016.43 
14/11/2025,IMPUESTO DEBITO -LEY 25413     2000 REGION Y CASA MATRIZ LA P,-129.09,14-11,33156887.34 
14/11/2025,CR.DEBIN 14/11-S.167039 C:30657033770,7922.56,14-11,33164809.90 
14/11/2025,IMPUESTO CREDITO -LEY 25413,-47.54,14-11,33164762.36 
14/11/2025,RETENCION ARBA,-198.00,14-11,33164564.36 
14/11/2025,IMPUESTO DEBITO -LEY 25413,-1.19,14-11,33164563.17 
14/11/2025,CR.DEBIN 14/11-S.649353 C:30657033770,19806.40,14-11,33184369.57 
14/11/2025,IMPUESTO CREDITO -LEY 25413,-118.84,14-11,33184250.73 
14/11/2025,RETENCION ARBA,-495.10,14-11,33183755.63 
14/11/2025,IMPUESTO DEBITO -LEY 25413,-2.97,14-11,33183752.66 
14/11/2025,REVERSA RETENCION ARBA,39563.90,14-11,33223316.56 
14/11/2025,REVERSA RETENCION ARBA,27119.50,14-11,33250436.06 
14/11/2025,REVERSA RETENCION ARBA,21515.50,14-11,33271951.56 
14/11/2025,REV. IMP.DEBITO.-LEY 25413,237.38,14-11,33272188.94 
14/11/2025,REV. IMP.DEBITO.-LEY 25413,162.72,14-11,33272351.66 
14/11/2025,REV. IMP.DEBITO.-LEY 25413,129.09,14-11,33272480.75 
14/11/2025,COMISION DATANET,-251.00,14-11,33272229.75 
14/11/2025,IMPUESTO DEBITO -LEY 25413,-1.51,14-11,33272228.24 
14/11/2025,COMISION DATANET,-791.27,14-11,33271436.97 
14/11/2025,IMPUESTO DEBITO -LEY 25413,-4.75,14-11,33271432.22 
14/11/2025,COMISION DATANET,-972.70,14-11,33270459.52 
14/11/2025,IMPUESTO DEBITO -LEY 25413,-5.84,14-11,33270453.68 
17/11/2025,CR.DEBIN 14/11-S.540513 C:30657033770,59419.20,17-11,33329872.88 
17/11/2025,IMPUESTO CREDITO -LEY 25413,-356.52,17-11,33329516.36 
17/11/2025,RETENCION ARBA,-1485.40,17-11,33328030.96 
17/11/2025,IMPUESTO DEBITO -LEY 25413,-8.91,17-11,33328022.05 
17/11/2025,CR.DEBIN 14/11-S.704705 C:30657033770,13864.48,17-11,33341886.53 
17/11/2025,IMPUESTO CREDITO -LEY 25413,-83.19,17-11,33341803.34 
17/11/2025,RETENCION ARBA,-346.60,17-11,33341456.74 
17/11/2025,IMPUESTO DEBITO -LEY 25413,-2.08,17-11,33341454.66 
17/11/2025,CR.DEBIN 14/11-S.650396 C:30657033770,11883.84,17-11,33353338.50 
17/11/2025,IMPUESTO CREDITO -LEY 25413,-71.30,17-11,33353267.20 
17/11/2025,RETENCION ARBA,-297.00,17-11,33352970.20 
17/11/2025,IMPUESTO DEBITO -LEY 25413,-1.78,17-11,33352968.42 
17/11/2025,BIP DB.TR.14/11-C.537356 D:27214447008 N:NADAL ANDREA F,-500000.00,17-11,32852968.42 
17/11/2025,IMPUESTO DEBITO -LEY 25413,-3000.00,17-11,32849968.42 
17/11/2025,COMISION TRANSFERENCIA/GIRO,-805.00,17-11,32849163.42 
17/11/2025,IMPUESTO DEBITO -LEY 25413,-4.83,17-11,32849158.59 
17/11/2025,CR.TRAN. 30574816870 AMERICAN EXPRESS,134011.85,17-11,32983170.44 
17/11/2025,IMPUESTO CREDITO -LEY 25413    0001,-804.07,17-11,32982366.37 
17/11/2025,RETENCION ARBA                 0001,-3350.20,17-11,32979016.17 
17/11/2025,IMPUESTO DEBITO -LEY 25413     0001,-20.10,17-11,32978996.07 
17/11/2025,CR.DEBIN 17/11-S.395963 C:30657033770,5941.92,17-11,32984937.99 
17/11/2025,IMPUESTO CREDITO -LEY 25413,-35.65,17-11,32984902.34 
17/11/2025,RETENCION ARBA,-148.50,17-11,32984753.84 
17/11/2025,IMPUESTO DEBITO -LEY 25413,-0.89,17-11,32984752.95 
17/11/2025,CR.DEBIN 17/11-S.393538 C:30657033770,17825.76,17-11,33002578.71 
17/11/2025,IMPUESTO CREDITO -LEY 25413,-106.95,17-11,33002471.76 
17/11/2025,RETENCION ARBA,-445.60,17-11,33002026.16 
17/11/2025,IMPUESTO DEBITO -LEY 25413,-2.67,17-11,33002023.49 
17/11/2025,CR.TRAN. 30624944255ETESORERIA GENERAL PCIA BS 00D00,1046952.62,17-11,34048976.11 
17/11/2025,IMPUESTO CREDITO -LEY 25413    2000 REGION Y CASA MATRIZ LA P,-6281.72,17-11,34042694.39 
17/11/2025,RETENCION ARBA                 2000 REGION Y CASA MATRIZ LA P,-26173.80,17-11,34016520.59 
17/11/2025,IMPUESTO DEBITO -LEY 25413     2000 REGION Y CASA MATRIZ LA P,-157.04,17-11,34016363.55 
17/11/2025,CR.DEBIN 17/11-S.010723 C:30657033770,9903.20,17-11,34026266.75 
17/11/2025,IMPUESTO CREDITO -LEY 25413,-59.42,17-11,34026207.33 
17/11/2025,RETENCION ARBA,-247.50,17-11,34025959.83 
17/11/2025,IMPUESTO DEBITO -LEY 25413,-1.49,17-11,34025958.34 
17/11/2025,BIP DB.TR.17/11-C.560562 D:30704961983 N:INTEGRITY SEGU,-915657.69,17-11,33110300.65 
17/11/2025,IMPUESTO DEBITO -LEY 25413,-5493.95,17-11,33104806.70 
17/11/2025,COMISION TRANSFERENCIA/GIRO,-805.00,17-11,33104001.70 
17/11/2025,BIP DB.TR.17/11-C.560859 D:23217569494 N:REYNOSO SILVIA,-127400.00,17-11,32976601.70 
17/11/2025,IMPUESTO DEBITO -LEY 25413,-764.40,17-11,32975837.30 
17/11/2025,COMISION TRANSFERENCIA/GIRO,-4635.00,17-11,32971202.30 
17/11/2025,PAGOS A COMERCIOS VISA - L. 0000255379 - C. 00003907330,638208.63,17-11,33609410.93 
17/11/2025,IMPUESTO CREDITO -LEY 25413    1002 MEDIOS DE PAGO,-3829.25,17-11,33605581.68 
17/11/2025,RETENCION ARBA                 1002 MEDIOS DE PAGO,-15955.20,17-11,33589626.48 
17/11/2025,IMPUESTO DEBITO -LEY 25413     1002 MEDIOS DE PAGO,-95.73,17-11,33589530.75 
17/11/2025,PAGOS A COMERCIOS VISA - L. 0000255468 - C. 00003907330,155358.42,17-11,33744889.17 
17/11/2025,IMPUESTO CREDITO -LEY 25413    1002 MEDIOS DE PAGO,-932.15,17-11,33743957.02 
17/11/2025,RETENCION ARBA                 1002 MEDIOS DE PAGO,-3883.90,17-11,33740073.12 
17/11/2025,IMPUESTO DEBITO -LEY 25413     1002 MEDIOS DE PAGO,-23.30,17-11,33740049.82 
17/11/2025,PAGOS A COMERCIOS MASTERCARD - L. 0000255355 - C. 00003907330,58557.95,17-11,33798607.77 
17/11/2025,IMPUESTO CREDITO -LEY 25413    1002 MEDIOS DE PAGO,-351.35,17-11,33798256.42 
17/11/2025,RETENCION ARBA                 1002 MEDIOS DE PAGO,-1463.90,17-11,33796792.52 
17/11/2025,IMPUESTO DEBITO -LEY 25413     1002 MEDIOS DE PAGO,-8.78,17-11,33796783.74 
17/11/2025,PAGOS A COMERCIOS MASTERCARD - L. 0000255426 - C. 00003907330,41027.59,17-11,33837811.33 
17/11/2025,IMPUESTO CREDITO -LEY 25413    1002 MEDIOS DE PAGO,-246.17,17-11,33837565.16 
17/11/2025,RETENCION ARBA                 1002 MEDIOS DE PAGO,-1025.60,17-11,33836539.56 
17/11/2025,IMPUESTO DEBITO -LEY 25413     1002 MEDIOS DE PAGO,-6.15,17-11,33836533.41 
17/11/2025,CARGO A COMERCIOS MASTERCARD - L. 0000255283 - C. 00003907330,-240.00,17-11,33836293.41 
17/11/2025,MINISTERIO PUBLI 30707216669 BCO.014 REF.GEP20250097863,752708.69,17-11,34589002.10 
17/11/2025,IMPUESTO CREDITO -LEY 25413,-4516.24,17-11,34584485.86 
17/11/2025,RETENCION ARBA,-18817.60,17-11,34565668.26 
17/11/2025,IMPUESTO DEBITO -LEY 25413,-112.91,17-11,34565555.35 
17/11/2025,COMISION TRANSFERENCIA/GIRO    2000 REGION Y CASA MATRIZ LA P,-2.50,17-11,34565552.85 
17/11/2025,REVERSA RETENCION ARBA,26173.80,17-11,34591726.65 
17/11/2025,REV. IMP.DEBITO.-LEY 25413,157.04,17-11,34591883.69 
17/11/2025,COMISION DATANET,-67.00,17-11,34591816.69 
17/11/2025,IMPUESTO DEBITO -LEY 25413,-0.40,17-11,34591816.29 
17/11/2025,COMISION DATANET,-523.47,17-11,34591292.82 
17/11/2025,IMPUESTO DEBITO -LEY 25413,-3.14,17-11,34591289.68 
18/11/2025,CR.DEBIN 17/11-S.166591 C:30657033770,9903.20,18-11,34601192.88 
18/11/2025,IMPUESTO CREDITO -LEY 25413,-59.42,18-11,34601133.46 
18/11/2025,RETENCION ARBA,-247.50,18-11,34600885.96 
18/11/2025,IMPUESTO DEBITO -LEY 25413,-1.49,18-11,34600884.47 
18/11/2025,CHEQUE DE CAMARA 007712643,-613528.13,18-11,33987356.34 
18/11/2025,IMPUESTO DEBITO -LEY 25413     1950 COMPENSACION DE VALORES,-3681.17,18-11,33983675.17 
18/11/2025,CHEQUE DE CAMARA 011210347,-1657589.98,18-11,32326085.19 
18/11/2025,IMPUESTO DEBITO -LEY 25413     1950 COMPENSACION DE VALORES,-9945.54,18-11,32316139.65 
18/11/2025,CHEQUE DE CAMARA 013093356,-1285875.65,18-11,31030264.00 
18/11/2025,IMPUESTO DEBITO -LEY 25413     1950 COMPENSACION DE VALORES,-7715.25,18-11,31022548.75 
18/11/2025,CHEQUE DE CAMARA 013093359,-1516492.65,18-11,29506056.10 
18/11/2025,IMPUESTO DEBITO -LEY 25413     1950 COMPENSACION DE VALORES,-9098.96,18-11,29496957.14 
18/11/2025,CHEQUE DE CAMARA 013093364,-1119137.77,18-11,28377819.37 
18/11/2025,IMPUESTO DEBITO -LEY 25413     1950 COMPENSACION DE VALORES,-6714.83,18-11,28371104.54 
18/11/2025,CHEQUE DE CAMARA 013093373,-14804514.02,18-11,13566590.52 
18/11/2025,IMPUESTO DEBITO -LEY 25413     1950 COMPENSACION DE VALORES,-88827.08,18-11,13477763.44 
18/11/2025,CHEQUE DE CAMARA 013093393,-982800.00,18-11,12494963.44 
18/11/2025,IMPUESTO DEBITO -LEY 25413     1950 COMPENSACION DE VALORES,-5896.80,18-11,12489066.64 
18/11/2025,CR.TRAN. 30574816870 AMERICAN EXPRESS,43878.45,18-11,12532945.09 
18/11/2025,IMPUESTO CREDITO -LEY 25413    0001,-263.27,18-11,12532681.82 
18/11/2025,RETENCION ARBA                 0001,-1096.90,18-11,12531584.92 
18/11/2025,IMPUESTO DEBITO -LEY 25413     0001,-6.58,18-11,12531578.34 
18/11/2025,CR.DEBIN 18/11-S.918817 C:30657033770,27728.96,18-11,12559307.30 
18/11/2025,IMPUESTO CREDITO -LEY 25413,-166.37,18-11,12559140.93 
18/11/2025,RETENCION ARBA,-693.20,18-11,12558447.73 
18/11/2025,IMPUESTO DEBITO -LEY 25413,-4.16,18-11,12558443.57 
18/11/2025,CR.TRAN. 30718689895 ACAPLA ASOCIACION CIVIL,170000.00,18-11,12728443.57 
18/11/2025,IMPUESTO CREDITO -LEY 25413    4930,-1020.00,18-11,12727423.57 
18/11/2025,RETENCION ARBA                 4930,-4250.00,18-11,12723173.57 
18/11/2025,IMPUESTO DEBITO -LEY 25413     4930,-25.50,18-11,12723148.07 
18/11/2025,CR.TRAN. 30710787022 AMERICA VIRTUAL S.A.,1230682.42,18-11,13953830.49 
18/11/2025,IMPUESTO CREDITO -LEY 25413    0001,-7384.09,18-11,13946446.40 
18/11/2025,RETENCION ARBA                 0001,-30767.00,18-11,13915679.40 
18/11/2025,IMPUESTO DEBITO -LEY 25413     0001,-184.60,18-11,13915494.80 
18/11/2025,CR.DEBIN 18/11-S.369066 C:30657033770,17429.63,18-11,13932924.43 
18/11/2025,IMPUESTO CREDITO -LEY 25413,-104.58,18-11,13932819.85 
18/11/2025,RETENCION ARBA,-435.70,18-11,13932384.15 
18/11/2025,IMPUESTO DEBITO -LEY 25413,-2.61,18-11,13932381.54 
18/11/2025,CR.TRAN. 30624944255ETESORERIA GENERAL PCIA BS 00D00,3958341.22,18-11,17890722.76 
18/11/2025,IMPUESTO CREDITO -LEY 25413    2000 REGION Y CASA MATRIZ LA P,-23750.05,18-11,17866972.71 
18/11/2025,RETENCION ARBA                 2000 REGION Y CASA MATRIZ LA P,-98958.50,18-11,17768014.21 
18/11/2025,IMPUESTO DEBITO -LEY 25413     2000 REGION Y CASA MATRIZ LA P,-593.75,18-11,17767420.46 
18/11/2025,CR.TRAN. 30624944255ETESORERIA GENERAL PCIA BS 00D00,463313.28,18-11,18230733.74 
18/11/2025,IMPUESTO CREDITO -LEY 25413    2000 REGION Y CASA MATRIZ LA P,-2779.88,18-11,18227953.86 
18/11/2025,RETENCION ARBA                 2000 REGION Y CASA MATRIZ LA P,-11582.80,18-11,18216371.06 
18/11/2025,IMPUESTO DEBITO -LEY 25413     2000 REGION Y CASA MATRIZ LA P,-69.50,18-11,18216301.56 
18/11/2025,CR.TRAN. 30710100140 CCT CONICET LA PLATA,47206.61,18-11,18263508.17 
18/11/2025,IMPUESTO CREDITO -LEY 25413    4930,-283.24,18-11,18263224.93 
18/11/2025,RETENCION ARBA                 4930,-1180.10,18-11,18262044.83 
18/11/2025,IMPUESTO DEBITO -LEY 25413     4930,-7.08,18-11,18262037.75 
18/11/2025,CR.TRAN. 30710100140 CCT CONICET LA PLATA,186859.50,18-11,18448897.25 
18/11/2025,IMPUESTO CREDITO -LEY 25413    4930,-1121.16,18-11,18447776.09 
18/11/2025,RETENCION ARBA                 4930,-4671.40,18-11,18443104.69 
18/11/2025,IMPUESTO DEBITO -LEY 25413     4930,-28.03,18-11,18443076.66 
18/11/2025,CR.TRAN. 30710100140 CCT CONICET LA PLATA,62942.15,18-11,18506018.81 
18/11/2025,IMPUESTO CREDITO -LEY 25413    4930,-377.65,18-11,18505641.16 
18/11/2025,RETENCION ARBA                 4930,-1573.50,18-11,18504067.66 
18/11/2025,IMPUESTO DEBITO -LEY 25413     4930,-9.44,18-11,18504058.22 
18/11/2025,PAGOS A COMERCIOS VISA - L. 0000255537 - C. 00003907330,1642213.17,18-11,20146271.39 
18/11/2025,IMPUESTO CREDITO -LEY 25413    1002 MEDIOS DE PAGO,-9853.28,18-11,20136418.11 
18/11/2025,RETENCION ARBA                 1002 MEDIOS DE PAGO,-41055.30,18-11,20095362.81 
18/11/2025,IMPUESTO DEBITO -LEY 25413     1002 MEDIOS DE PAGO,-246.33,18-11,20095116.48 
18/11/2025,PAGOS A COMERCIOS MASTERCARD - L. 0000255585 - C. 00003907330,631080.99,18-11,20726197.47 
18/11/2025,IMPUESTO CREDITO -LEY 25413    1002 MEDIOS DE PAGO,-3786.49,18-11,20722410.98 
18/11/2025,RETENCION ARBA                 1002 MEDIOS DE PAGO,-15777.00,18-11,20706633.98 
18/11/2025,IMPUESTO DEBITO -LEY 25413     1002 MEDIOS DE PAGO,-94.66,18-11,20706539.32 
18/11/2025,PAGOS A COMERCIOS VISA - L. 0000255632 - C. 00003907330,397018.14,18-11,21103557.46 
18/11/2025,IMPUESTO CREDITO -LEY 25413    1002 MEDIOS DE PAGO,-2382.11,18-11,21101175.35 
18/11/2025,RETENCION ARBA                 1002 MEDIOS DE PAGO,-9925.40,18-11,21091249.95 
18/11/2025,IMPUESTO DEBITO -LEY 25413     1002 MEDIOS DE PAGO,-59.55,18-11,21091190.40 
18/11/2025,PAGOS A COMERCIOS MASTERCARD - L. 0000255507 - C. 00003907330,129698.60,18-11,21220889.00 
18/11/2025,IMPUESTO CREDITO -LEY 25413    1002 MEDIOS DE PAGO,-778.19,18-11,21220110.81 
18/11/2025,RETENCION ARBA                 1002 MEDIOS DE PAGO,-3242.40,18-11,21216868.41 
18/11/2025,IMPUESTO DEBITO -LEY 25413     1002 MEDIOS DE PAGO,-19.45,18-11,21216848.96 
18/11/2025,CARGO A COMERCIOS MASTERCARD - L. 0000255440 - C. 00003907330,-1040.00,18-11,21215808.96 
18/11/2025,REVERSA RETENCION ARBA,98958.50,18-11,21314767.46 
18/11/2025,REVERSA RETENCION ARBA,11582.80,18-11,21326350.26 
18/11/2025,REV. IMP.DEBITO.-LEY 25413,593.75,18-11,21326944.01 
18/11/2025,REV. IMP.DEBITO.-LEY 25413,69.50,18-11,21327013.51 
18/11/2025,COMISION DATANET,-21.93,18-11,21326991.58 
18/11/2025,IMPUESTO DEBITO -LEY 25413,-0.13,18-11,21326991.45 
18/11/2025,COMISION DATANET,-23.60,18-11,21326967.85 
18/11/2025,IMPUESTO DEBITO -LEY 25413,-0.14,18-11,21326967.71 
18/11/2025,COMISION DATANET,-31.47,18-11,21326936.24 
18/11/2025,IMPUESTO DEBITO -LEY 25413,-0.19,18-11,21326936.05 
18/11/2025,COMISION DATANET,-85.00,18-11,21326851.05 
18/11/2025,IMPUESTO DEBITO -LEY 25413,-0.51,18-11,21326850.54 
18/11/2025,COMISION DATANET,-93.42,18-11,21326757.12 
18/11/2025,IMPUESTO DEBITO -LEY 25413,-0.56,18-11,21326756.56 
18/11/2025,COMISION DATANET,-231.65,18-11,21326524.91 
18/11/2025,IMPUESTO DEBITO -LEY 25413,-1.39,18-11,21326523.52 
18/11/2025,COMISION DATANET,-615.34,18-11,21325908.18 
18/11/2025,IMPUESTO DEBITO -LEY 25413,-3.69,18-11,21325904.49 
18/11/2025,COMISION DATANET,-1979.17,18-11,21323925.32 
18/11/2025,IMPUESTO DEBITO -LEY 25413,-11.88,18-11,21323913.44 
19/11/2025,PAGOS A COMERCIOS VISA - L. 0000255706 - C. 00003907330,685577.19,19-11,22009490.63 
19/11/2025,IMPUESTO CREDITO -LEY 25413    1002 MEDIOS DE PAGO,-4113.46,19-11,22005377.17 
19/11/2025,RETENCION ARBA                 1002 MEDIOS DE PAGO,-17139.40,19-11,21988237.77 
19/11/2025,IMPUESTO DEBITO -LEY 25413     1002 MEDIOS DE PAGO,-102.84,19-11,21988134.93 
19/11/2025,PAGOS A COMERCIOS MASTERCARD - L. 0000255684 - C. 00003907330,144217.10,19-11,22132352.03 
19/11/2025,IMPUESTO CREDITO -LEY 25413    1002 MEDIOS DE PAGO,-865.30,19-11,22131486.73 
19/11/2025,RETENCION ARBA                 1002 MEDIOS DE PAGO,-3605.40,19-11,22127881.33 
19/11/2025,IMPUESTO DEBITO -LEY 25413     1002 MEDIOS DE PAGO,-21.63,19-11,22127859.70 
19/11/2025,PAGOS A COMERCIOS VISA - L. 0000255802 - C. 00003907330,134341.01,19-11,22262200.71 
19/11/2025,IMPUESTO CREDITO -LEY 25413    1002 MEDIOS DE PAGO,-806.05,19-11,22261394.66 
19/11/2025,RETENCION ARBA                 1002 MEDIOS DE PAGO,-3358.50,19-11,22258036.16 
19/11/2025,IMPUESTO DEBITO -LEY 25413     1002 MEDIOS DE PAGO,-20.15,19-11,22258016.01 
19/11/2025,PAGOS A COMERCIOS MASTERCARD - L. 0000255752 - C. 00003907330,59561.49,19-11,22317577.50 
19/11/2025,IMPUESTO CREDITO -LEY 25413    1002 MEDIOS DE PAGO,-357.37,19-11,22317220.13 
19/11/2025,RETENCION ARBA                 1002 MEDIOS DE PAGO,-1489.00,19-11,22315731.13 
19/11/2025,IMPUESTO DEBITO -LEY 25413     1002 MEDIOS DE PAGO,-8.93,19-11,22315722.20 
19/11/2025,CARGO A COMERCIOS MASTERCARD - L. 0000255597 - C. 00003907330,-3380.08,19-11,22312342.12 
19/11/2025,P.SERV 19/11-COM.455330 -MUNICIPALI-04834050000004,-3131798.14,19-11,19180543.98 
19/11/2025,IMPUESTO DEBITO -LEY 25413,-18790.79,19-11,19161753.19 
19/11/2025,P.SERV 19/11-COM.587808 -ENTE950 -30657033770,-36513.92,19-11,19125239.27 
19/11/2025,IMPUESTO DEBITO -LEY 25413,-219.08,19-11,19125020.19 
19/11/2025,CR.TRAN. 30715803891 RAPPI ARG SAS,114420.77,19-11,19239440.96 
19/11/2025,IMPUESTO CREDITO -LEY 25413    0814,-686.52,19-11,19238754.44 
19/11/2025,RETENCION ARBA                 0814,-2860.50,19-11,19235893.94 
19/11/2025,IMPUESTO DEBITO -LEY 25413     0814,-17.16,19-11,19235876.78 
19/11/2025,CRED.TRF.19/11-C.649917 D:30708070617 N:FARM CHEMICALS,1512500.00,19-11,20748376.78 
19/11/2025,IMPUESTO CREDITO -LEY 25413,-9075.00,19-11,20739301.78 
19/11/2025,RETENCION ARBA,-37812.50,19-11,20701489.28 
19/11/2025,IMPUESTO DEBITO -LEY 25413,-226.88,19-11,20701262.40 
19/11/2025,BIP DB TR 19/11-C.000151707720 DES:0014-03-520805156572,-1000000.00,19-11,19701262.40 
19/11/2025,IMPUESTO DEBITO -LEY 25413,-6000.00,19-11,19695262.40 
19/11/2025,COMISION TRANSFERENCIA/GIRO,-805.00,19-11,19694457.40 
19/11/2025,BIP DB TR 19/11-C.000117866998 DES:0014-03-520805107474,-1000000.00,19-11,18694457.40 
19/11/2025,IMPUESTO DEBITO -LEY 25413,-6000.00,19-11,18688457.40 
19/11/2025,COMISION TRANSFERENCIA/GIRO,-4635.00,19-11,18683822.40 
20/11/2025,CHEQUE DE CAMARA 013093354,-1491072.30,20-11,17192750.10 
20/11/2025,IMPUESTO DEBITO -LEY 25413     1950 COMPENSACION DE VALORES,-8946.43,20-11,17183803.67 
20/11/2025,BIP CR TR 20/11-C.000271059887 ORI:0014-03-200006877028,224000.00,20-11,17407803.67 
20/11/2025,IMPUESTO CREDITO -LEY 25413    2000 REGION Y CASA MATRIZ LA P,-1344.00,20-11,17406459.67 
20/11/2025,RETENCION ARBA                 2000 REGION Y CASA MATRIZ LA P,-5600.00,20-11,17400859.67 
20/11/2025,IMPUESTO DEBITO -LEY 25413     2000 REGION Y CASA MATRIZ LA P,-33.60,20-11,17400826.07 
20/11/2025,CR.TRAN. 30643908995 FUNDACION CIENCIAS EXACTAS,1000000.00,20-11,18400826.07 
20/11/2025,IMPUESTO CREDITO -LEY 25413    0023,-6000.00,20-11,18394826.07 
20/11/2025,RETENCION ARBA                 0023,-25000.00,20-11,18369826.07 
20/11/2025,IMPUESTO DEBITO -LEY 25413     0023,-150.00,20-11,18369676.07 
20/11/2025,CR.TRAN. 30702705521 AMADA ASOC. MEDICA ARG. DE AN,624000.00,20-11,18993676.07 
20/11/2025,IMPUESTO CREDITO -LEY 25413    0931,-3744.00,20-11,18989932.07 
20/11/2025,RETENCION ARBA                 0931,-15600.00,20-11,18974332.07 
20/11/2025,IMPUESTO DEBITO -LEY 25413     0931,-93.60,20-11,18974238.47 
20/11/2025,PAGOS A COMERCIOS VISA - L. 0000255885 - C. 00003907330,650858.30,20-11,19625096.77 
20/11/2025,IMPUESTO CREDITO -LEY 25413    1002 MEDIOS DE PAGO,-3905.15,20-11,19621191.62 
20/11/2025,RETENCION ARBA                 1002 MEDIOS DE PAGO,-16271.40,20-11,19604920.22 
20/11/2025,IMPUESTO DEBITO -LEY 25413     1002 MEDIOS DE PAGO,-97.63,20-11,19604822.59 
20/11/2025,PAGOS A COMERCIOS VISA - L. 0000255967 - C. 00003907330,52653.32,20-11,19657475.91 
20/11/2025,IMPUESTO CREDITO -LEY 25413    1002 MEDIOS DE PAGO,-315.92,20-11,19657159.99 
20/11/2025,RETENCION ARBA                 1002 MEDIOS DE PAGO,-1316.30,20-11,19655843.69 
20/11/2025,IMPUESTO DEBITO -LEY 25413     1002 MEDIOS DE PAGO,-7.90,20-11,19655835.79 
20/11/2025,PAGOS A COMERCIOS MASTERCARD - L. 0000255862 - C. 00003907330,43845.87,20-11,19699681.66 
20/11/2025,IMPUESTO CREDITO -LEY 25413    1002 MEDIOS DE PAGO,-263.08,20-11,19699418.58 
20/11/2025,RETENCION ARBA                 1002 MEDIOS DE PAGO,-1096.10,20-11,19698322.48 
20/11/2025,IMPUESTO DEBITO -LEY 25413     1002 MEDIOS DE PAGO,-6.58,20-11,19698315.90 
20/11/2025,PAGOS A COMERCIOS MASTERCARD - L. 0000255928 - C. 00003907330,37847.27,20-11,19736163.17 
20/11/2025,IMPUESTO CREDITO -LEY 25413    1002 MEDIOS DE PAGO,-227.08,20-11,19735936.09 
20/11/2025,RETENCION ARBA                 1002 MEDIOS DE PAGO,-946.10,20-11,19734989.99 
20/11/2025,IMPUESTO DEBITO -LEY 25413     1002 MEDIOS DE PAGO,-5.68,20-11,19734984.31 
20/11/2025,PAGOS A COMERCIOS CABAL - L. 0000580909 - C. 88603907330,22997.28,20-11,19757981.59 
20/11/2025,IMPUESTO CREDITO -LEY 25413    1002 MEDIOS DE PAGO,-137.98,20-11,19757843.61 
20/11/2025,RETENCION ARBA                 1002 MEDIOS DE PAGO,-574.90,20-11,19757268.71 
20/11/2025,IMPUESTO DEBITO -LEY 25413     1002 MEDIOS DE PAGO,-3.45,20-11,19757265.26 
20/11/2025,CARGO A COMERCIOS MASTERCARD - L. 0000255773 - C. 00003907330,-680.00,20-11,19756585.26 
20/11/2025,CR.TRAN. 30601290592 AGREM ODONT DE BERISSO,76968.60,20-11,19833553.86 
20/11/2025,IMPUESTO CREDITO -LEY 25413    4930,-461.81,20-11,19833092.05 
20/11/2025,RETENCION ARBA                 4930,-1924.20,20-11,19831167.85 
20/11/2025,IMPUESTO DEBITO -LEY 25413     4930,-11.55,20-11,19831156.30 
20/11/2025,CR.TRAN. 30523156043 FEDERACION DE CLINICAS SANATO,50745.12,20-11,19881901.42 
20/11/2025,IMPUESTO CREDITO -LEY 25413    4930,-304.47,20-11,19881596.95 
20/11/2025,RETENCION ARBA                 4930,-1268.60,20-11,19880328.35 
20/11/2025,IMPUESTO DEBITO -LEY 25413     4930,-7.61,20-11,19880320.74 
20/11/2025,CR.TRAN. 30716386631 SOCIEDAD ARGENTINA DE RADIOLO,220000.00,20-11,20100320.74 
20/11/2025,IMPUESTO CREDITO -LEY 25413    0101,-1320.00,20-11,20099000.74 
20/11/2025,RETENCION ARBA                 0101,-5500.00,20-11,20093500.74 
20/11/2025,IMPUESTO DEBITO -LEY 25413     0101,-33.00,20-11,20093467.74 
20/11/2025,BIP DB TR 20/11-C.000760196120 DES:0014-27-205001591735,-2000000.00,20-11,18093467.74 
20/11/2025,IMPUESTO DEBITO -LEY 25413,-12000.00,20-11,18081467.74 
20/11/2025,CR.TRAN. 30624944255ETESORERIA GENERAL PCIA BS 00D00,593612.50,20-11,18675080.24 
20/11/2025,IMPUESTO CREDITO -LEY 25413    2000 REGION Y CASA MATRIZ LA P,-3561.68,20-11,18671518.56 
20/11/2025,RETENCION ARBA                 2000 REGION Y CASA MATRIZ LA P,-14840.30,20-11,18656678.26 
20/11/2025,IMPUESTO DEBITO -LEY 25413     2000 REGION Y CASA MATRIZ LA P,-89.04,20-11,18656589.22 
20/11/2025,CR.TRAN. 30624944255ETESORERIA GENERAL PCIA BS 00D00,883824.35,20-11,19540413.57 
20/11/2025,IMPUESTO CREDITO -LEY 25413    2000 REGION Y CASA MATRIZ LA P,-5302.95,20-11,19535110.62 
20/11/2025,RETENCION ARBA                 2000 REGION Y CASA MATRIZ LA P,-22095.60,20-11,19513015.02 
20/11/2025,IMPUESTO DEBITO -LEY 25413     2000 REGION Y CASA MATRIZ LA P,-132.57,20-11,19512882.45 
20/11/2025,CR.TRAN. 30624944255ETESORERIA GENERAL PCIA BS 00D00,776095.40,20-11,20288977.85 
20/11/2025,IMPUESTO CREDITO -LEY 25413    2000 REGION Y CASA MATRIZ LA P,-4656.57,20-11,20284321.28 
20/11/2025,RETENCION ARBA                 2000 REGION Y CASA MATRIZ LA P,-19402.30,20-11,20264918.98 
20/11/2025,IMPUESTO DEBITO -LEY 25413     2000 REGION Y CASA MATRIZ LA P,-116.41,20-11,20264802.57 
20/11/2025,CR.TRAN. 30624944255ETESORERIA GENERAL PCIA BS 00D00,475158.68,20-11,20739961.25 
20/11/2025,IMPUESTO CREDITO -LEY 25413    2000 REGION Y CASA MATRIZ LA P,-2850.95,20-11,20737110.30 
20/11/2025,RETENCION ARBA                 2000 REGION Y CASA MATRIZ LA P,-11878.90,20-11,20725231.40 
20/11/2025,IMPUESTO DEBITO -LEY 25413     2000 REGION Y CASA MATRIZ LA P,-71.27,20-11,20725160.13 
20/11/2025,REVERSA RETENCION ARBA,22095.60,20-11,20747255.73 
20/11/2025,REVERSA RETENCION ARBA,19402.30,20-11,20766658.03 
20/11/2025,REVERSA RETENCION ARBA,14840.30,20-11,20781498.33 
20/11/2025,REVERSA RETENCION ARBA,11878.90,20-11,20793377.23 
20/11/2025,REV. IMP.DEBITO.-LEY 25413,132.57,20-11,20793509.80 
20/11/2025,REV. IMP.DEBITO.-LEY 25413,116.41,20-11,20793626.21 
20/11/2025,REV. IMP.DEBITO.-LEY 25413,89.04,20-11,20793715.25 
20/11/2025,REV. IMP.DEBITO.-LEY 25413,71.27,20-11,20793786.52 
20/11/2025,COMISION DATANET,-25.37,20-11,20793761.15 
20/11/2025,IMPUESTO DEBITO -LEY 25413,-0.15,20-11,20793761.00 
20/11/2025,COMISION DATANET,-38.48,20-11,20793722.52 
20/11/2025,IMPUESTO DEBITO -LEY 25413,-0.23,20-11,20793722.29 
20/11/2025,COMISION DATANET,-110.00,20-11,20793612.29 
20/11/2025,IMPUESTO DEBITO -LEY 25413,-0.66,20-11,20793611.63 
20/11/2025,COMISION DATANET,-312.00,20-11,20793299.63 
20/11/2025,IMPUESTO DEBITO -LEY 25413,-1.87,20-11,20793297.76 
20/11/2025,COMISION DATANET,-500.00,20-11,20792797.76 
20/11/2025,IMPUESTO DEBITO -LEY 25413,-3.00,20-11,20792794.76 
20/11/2025,COMISION DATANET,-1364.32,20-11,20791430.44 
20/11/2025,IMPUESTO DEBITO -LEY 25413,-8.19,20-11,20791422.25 
25/11/2025,CHEQUE DE CAMARA 007712642,-2108304.00,25-11,18683118.25 
25/11/2025,IMPUESTO DEBITO -LEY 25413     1950 COMPENSACION DE VALORES,-12649.82,25-11,18670468.43 
25/11/2025,CHEQUE DE CAMARA 007712648,-2636408.32,25-11,16034060.11 
25/11/2025,IMPUESTO DEBITO -LEY 25413     1952 CONTABILIDAD Y CONCILIACI,-15818.45,25-11,16018241.66 
25/11/2025,CHEQUE DE CAMARA 007712647,-547877.36,25-11,15470364.30 
25/11/2025,IMPUESTO DEBITO -LEY 25413     2000 REGION Y CASA MATRIZ LA P,-3287.26,25-11,15467077.04 
25/11/2025,CR.TRAN. 30657877669 EDELAP,347454.55,25-11,15814531.59 
25/11/2025,IMPUESTO CREDITO -LEY 25413    4930,-2084.73,25-11,15812446.86 
25/11/2025,RETENCION ARBA                 4930,-8686.30,25-11,15803760.56 
25/11/2025,IMPUESTO DEBITO -LEY 25413     4930,-52.12,25-11,15803708.44 
25/11/2025,CR.TRAN. 30718692608 ASOCIACION CIVIL ARGENTINA DE,250000.00,25-11,16053708.44 
25/11/2025,IMPUESTO CREDITO -LEY 25413    4930,-1500.00,25-11,16052208.44 
25/11/2025,RETENCION ARBA                 4930,-6250.00,25-11,16045958.44 
25/11/2025,IMPUESTO DEBITO -LEY 25413     4930,-37.50,25-11,16045920.94 
25/11/2025,CR.TRAN. 30574816870 AMERICAN EXPRESS,133727.51,25-11,16179648.45 
25/11/2025,IMPUESTO CREDITO -LEY 25413    0001,-802.37,25-11,16178846.08 
25/11/2025,RETENCION ARBA                 0001,-3343.10,25-11,16175502.98 
25/11/2025,IMPUESTO DEBITO -LEY 25413     0001,-20.06,25-11,16175482.92 
25/11/2025,PAGOS A COMERCIOS VISA - L. 0000256038 - C. 00003907330,585975.56,25-11,16761458.48 
25/11/2025,IMPUESTO CREDITO -LEY 25413    1002 MEDIOS DE PAGO,-3515.85,25-11,16757942.63 
25/11/2025,RETENCION ARBA                 1002 MEDIOS DE PAGO,-14649.30,25-11,16743293.33 
25/11/2025,IMPUESTO DEBITO -LEY 25413     1002 MEDIOS DE PAGO,-87.90,25-11,16743205.43 
25/11/2025,PAGOS A COMERCIOS VISA - L. 0000256108 - C. 00003907330,344956.67,25-11,17088162.10 
25/11/2025,IMPUESTO CREDITO -LEY 25413    1002 MEDIOS DE PAGO,-2069.74,25-11,17086092.36 
25/11/2025,RETENCION ARBA                 1002 MEDIOS DE PAGO,-8623.90,25-11,17077468.46 
25/11/2025,IMPUESTO DEBITO -LEY 25413     1002 MEDIOS DE PAGO,-51.74,25-11,17077416.72 
25/11/2025,PAGOS A COMERCIOS MASTERCARD - L. 0000256018 - C. 00003907330,70656.70,25-11,17148073.42 
25/11/2025,IMPUESTO CREDITO -LEY 25413    1002 MEDIOS DE PAGO,-423.94,25-11,17147649.48 
25/11/2025,RETENCION ARBA                 1002 MEDIOS DE PAGO,-1766.40,25-11,17145883.08 
25/11/2025,IMPUESTO DEBITO -LEY 25413     1002 MEDIOS DE PAGO,-10.60,25-11,17145872.48 
25/11/2025,PAGOS A COMERCIOS MASTERCARD - L. 0000256080 - C. 00003907330,55488.24,25-11,17201360.72 
25/11/2025,IMPUESTO CREDITO -LEY 25413    1002 MEDIOS DE PAGO,-332.93,25-11,17201027.79 
25/11/2025,RETENCION ARBA                 1002 MEDIOS DE PAGO,-1387.20,25-11,17199640.59 
25/11/2025,IMPUESTO DEBITO -LEY 25413     1002 MEDIOS DE PAGO,-8.32,25-11,17199632.27 
25/11/2025,CARGO A COMERCIOS MASTERCARD - L. 0000255938 - C. 00003907330,-912.00,25-11,17198720.27 
25/11/2025,CR.TRAN. 30691402394 DIAGMED SA,600000.00,25-11,17798720.27 
25/11/2025,IMPUESTO CREDITO -LEY 25413    0931,-3600.00,25-11,17795120.27 
25/11/2025,RETENCION ARBA                 0931,-15000.00,25-11,17780120.27 
25/11/2025,IMPUESTO DEBITO -LEY 25413     0931,-90.00,25-11,17780030.27 
25/11/2025,CR.TRAN. 30541416540SRATTO HNOS SA 00X68,1463843.40,25-11,19243873.67 
25/11/2025,IMPUESTO CREDITO -LEY 25413    0110,-8783.06,25-11,19235090.61 
25/11/2025,RETENCION ARBA                 0110,-36596.00,25-11,19198494.61 
25/11/2025,IMPUESTO DEBITO -LEY 25413     0110,-219.58,25-11,19198275.03 
25/11/2025,COMISION DATANET,-66.86,25-11,19198208.17 
25/11/2025,IMPUESTO DEBITO -LEY 25413,-0.40,25-11,19198207.77 
25/11/2025,COMISION DATANET,-125.00,25-11,19198082.77 
25/11/2025,IMPUESTO DEBITO -LEY 25413,-0.75,25-11,19198082.02 
25/11/2025,COMISION DATANET,-173.72,25-11,19197908.30 
25/11/2025,IMPUESTO DEBITO -LEY 25413,-1.04,25-11,19197907.26 
25/11/2025,COMISION DATANET,-300.00,25-11,19197607.26 
25/11/2025,IMPUESTO DEBITO -LEY 25413,-1.80,25-11,19197605.46 
25/11/2025,COMISION DATANET,-731.92,25-11,19196873.54 
25/11/2025,IMPUESTO DEBITO -LEY 25413,-4.39,25-11,19196869.15 
26/11/2025,CHEQUE DE CAMARA 007712641,-1936385.82,26-11,17260483.33 
26/11/2025,IMPUESTO DEBITO -LEY 25413     1950 COMPENSACION DE VALORES,-11618.31,26-11,17248865.02 
26/11/2025,CHEQUE DE CAMARA 013093360,-1000000.00,26-11,16248865.02 
26/11/2025,IMPUESTO DEBITO -LEY 25413     1950 COMPENSACION DE VALORES,-6000.00,26-11,16242865.02 
26/11/2025,CHEQUE DE CAMARA 013093363,-1660166.06,26-11,14582698.96 
26/11/2025,IMPUESTO DEBITO -LEY 25413     1950 COMPENSACION DE VALORES,-9961.00,26-11,14572737.96 
26/11/2025,CHEQUE DE CAMARA 013093365,-1262024.86,26-11,13310713.10 
26/11/2025,IMPUESTO DEBITO -LEY 25413     1950 COMPENSACION DE VALORES,-7572.15,26-11,13303140.95 
26/11/2025,CHEQUE DE CAMARA 013093370,-1474200.00,26-11,11828940.95 
26/11/2025,IMPUESTO DEBITO -LEY 25413     1950 COMPENSACION DE VALORES,-8845.20,26-11,11820095.75 
26/11/2025,CHEQUE DE CAMARA 013093383,-1449685.34,26-11,10370410.41 
26/11/2025,IMPUESTO DEBITO -LEY 25413     1950 COMPENSACION DE VALORES,-8698.11,26-11,10361712.30 
26/11/2025,CHEQUE DE CAMARA 013093387,-1800000.00,26-11,8561712.30 
26/11/2025,IMPUESTO DEBITO -LEY 25413     1950 COMPENSACION DE VALORES,-10800.00,26-11,8550912.30 
26/11/2025,CR.DEBIN 26/11-S.108991 C:30657033770,63380.48,26-11,8614292.78 
26/11/2025,IMPUESTO CREDITO -LEY 25413,-380.28,26-11,8613912.50 
26/11/2025,RETENCION ARBA,-1584.50,26-11,8612328.00 
26/11/2025,IMPUESTO DEBITO -LEY 25413,-9.51,26-11,8612318.49 
26/11/2025,PAGOS A COMERCIOS VISA - L. 0000256196 - C. 00003907330,1101623.61,26-11,9713942.10 
26/11/2025,IMPUESTO CREDITO -LEY 25413    1002 MEDIOS DE PAGO,-6609.74,26-11,9707332.36 
26/11/2025,RETENCION ARBA                 1002 MEDIOS DE PAGO,-27540.50,26-11,9679791.86 
26/11/2025,IMPUESTO DEBITO -LEY 25413     1002 MEDIOS DE PAGO,-165.24,26-11,9679626.62 
26/11/2025,PAGOS A COMERCIOS VISA - L. 0000256303 - C. 00003907330,628362.71,26-11,10307989.33 
26/11/2025,IMPUESTO CREDITO -LEY 25413    1002 MEDIOS DE PAGO,-3770.18,26-11,10304219.15 
26/11/2025,RETENCION ARBA                 1002 MEDIOS DE PAGO,-15709.00,26-11,10288510.15 
26/11/2025,IMPUESTO DEBITO -LEY 25413     1002 MEDIOS DE PAGO,-94.25,26-11,10288415.90 
26/11/2025,PAGOS A COMERCIOS MASTERCARD - L. 0000256246 - C. 00003907330,182924.68,26-11,10471340.58 
26/11/2025,IMPUESTO CREDITO -LEY 25413    1002 MEDIOS DE PAGO,-1097.55,26-11,10470243.03 
26/11/2025,RETENCION ARBA                 1002 MEDIOS DE PAGO,-4573.10,26-11,10465669.93 
26/11/2025,IMPUESTO DEBITO -LEY 25413     1002 MEDIOS DE PAGO,-27.44,26-11,10465642.49 
26/11/2025,PAGOS A COMERCIOS MASTERCARD - L. 0000256150 - C. 00003907330,138177.40,26-11,10603819.89 
26/11/2025,IMPUESTO CREDITO -LEY 25413    1002 MEDIOS DE PAGO,-829.06,26-11,10602990.83 
26/11/2025,RETENCION ARBA                 1002 MEDIOS DE PAGO,-3454.40,26-11,10599536.43 
26/11/2025,IMPUESTO DEBITO -LEY 25413     1002 MEDIOS DE PAGO,-20.73,26-11,10599515.70 
26/11/2025,PAGOS A COMERCIOS MASTERCARD - L. 0000256189 - C. 00003907330,30585.64,26-11,10630101.34 
26/11/2025,IMPUESTO CREDITO -LEY 25413    1002 MEDIOS DE PAGO,-183.51,26-11,10629917.83 
26/11/2025,RETENCION ARBA                 1002 MEDIOS DE PAGO,-764.60,26-11,10629153.23 
26/11/2025,IMPUESTO DEBITO -LEY 25413     1002 MEDIOS DE PAGO,-4.59,26-11,10629148.64 
26/11/2025,CR.TRAN. 30715803891 RAPPI ARG SAS,10305.01,26-11,10639453.65 
26/11/2025,IMPUESTO CREDITO -LEY 25413    0814,-61.83,26-11,10639391.82 
26/11/2025,RETENCION ARBA                 0814,-257.60,26-11,10639134.22 
26/11/2025,IMPUESTO DEBITO -LEY 25413     0814,-1.55,26-11,10639132.67 
26/11/2025,CR.TRAN. 30714248258 ONCE ESTRELLAS B,1800000.00,26-11,12439132.67 
26/11/2025,IMPUESTO CREDITO -LEY 25413    0001,-10800.00,26-11,12428332.67 
26/11/2025,RETENCION ARBA                 0001,-45000.00,26-11,12383332.67 
26/11/2025,IMPUESTO DEBITO -LEY 25413     0001,-270.00,26-11,12383062.67 
26/11/2025,DEVOLUCION PAGO CH/OE,1262024.86,26-11,13645087.53 
26/11/2025,TERUMO BCT LATIN 30707297472 BCO.072 REF.,1050000.01,26-11,14695087.54 
26/11/2025,IMPUESTO CREDITO -LEY 25413,-6300.00,26-11,14688787.54 
26/11/2025,RETENCION ARBA,-26250.00,26-11,14662537.54 
26/11/2025,IMPUESTO DEBITO -LEY 25413,-157.50,26-11,14662380.04 
26/11/2025,REV. IMP.DEBITO.-LEY 25413,7572.15,26-11,14669952.19 
26/11/2025,COMISION DATANET,-5.15,26-11,14669947.04 
26/11/2025,IMPUESTO DEBITO -LEY 25413,-0.03,26-11,14669947.01 
26/11/2025,COMISION DATANET,-900.00,26-11,14669047.01 
26/11/2025,IMPUESTO DEBITO -LEY 25413,-5.40,26-11,14669041.61 
27/11/2025,CHEQUE DE CAMARA 013093301,-2081738.24,27-11,12587303.37 
27/11/2025,IMPUESTO DEBITO -LEY 25413     1950 COMPENSACION DE VALORES,-12490.43,27-11,12574812.94 
27/11/2025,CHEQUE DE CAMARA 013093372,-1149790.06,27-11,11425022.88 
27/11/2025,IMPUESTO DEBITO -LEY 25413     1950 COMPENSACION DE VALORES,-6898.74,27-11,11418124.14 
27/11/2025,COM. MANT. POR 043 MOV. PERIODO (29-10-2025/26-11-2025),-68112.00,27-11,11350012.14 
27/11/2025,IMPUESTO I.BRUTOS - PERCEPCION,-3405.60,27-11,11346606.54 
27/11/2025,IMPUESTO DEBITO -LEY 25413,-408.67,27-11,11346197.87 
27/11/2025,IMPUESTO DEBITO -LEY 25413,-20.43,27-11,11346177.44 
27/11/2025,PAGOS A COMERCIOS VISA - L. 0000256370 - C. 00003907330,521363.61,27-11,11867541.05 
27/11/2025,IMPUESTO CREDITO -LEY 25413    1002 MEDIOS DE PAGO,-3128.18,27-11,11864412.87 
27/11/2025,RETENCION ARBA                 1002 MEDIOS DE PAGO,-13034.00,27-11,11851378.87 
27/11/2025,IMPUESTO DEBITO -LEY 25413     1002 MEDIOS DE PAGO,-78.20,27-11,11851300.67 
27/11/2025,PAGOS A COMERCIOS VISA - L. 0000256465 - C. 00003907330,351504.57,27-11,12202805.24 
27/11/2025,IMPUESTO CREDITO -LEY 25413    1002 MEDIOS DE PAGO,-2109.03,27-11,12200696.21 
27/11/2025,RETENCION ARBA                 1002 MEDIOS DE PAGO,-8787.60,27-11,12191908.61 
27/11/2025,IMPUESTO DEBITO -LEY 25413     1002 MEDIOS DE PAGO,-52.73,27-11,12191855.88 
27/11/2025,PAGOS A COMERCIOS MASTERCARD - L. 0000256409 - C. 00003907330,142473.17,27-11,12334329.05 
27/11/2025,IMPUESTO CREDITO -LEY 25413    1002 MEDIOS DE PAGO,-854.84,27-11,12333474.21 
27/11/2025,RETENCION ARBA                 1002 MEDIOS DE PAGO,-3561.80,27-11,12329912.41 
27/11/2025,IMPUESTO DEBITO -LEY 25413     1002 MEDIOS DE PAGO,-21.37,27-11,12329891.04 
27/11/2025,PAGOS A COMERCIOS MASTERCARD - L. 0000256345 - C. 00003907330,98629.01,27-11,12428520.05 
27/11/2025,IMPUESTO CREDITO -LEY 25413    1002 MEDIOS DE PAGO,-591.77,27-11,12427928.28 
27/11/2025,RETENCION ARBA                 1002 MEDIOS DE PAGO,-2465.70,27-11,12425462.58 
27/11/2025,IMPUESTO DEBITO -LEY 25413     1002 MEDIOS DE PAGO,-14.79,27-11,12425447.79 
28/11/2025,CR.TRAN. 30574816870 AMERICAN EXPRESS,49292.02,28-11,12474739.81 
28/11/2025,IMPUESTO CREDITO -LEY 25413    0001,-295.75,28-11,12474444.06 
28/11/2025,RETENCION ARBA                 0001,-1232.30,28-11,12473211.76 
28/11/2025,IMPUESTO DEBITO -LEY 25413     0001,-7.39,28-11,12473204.37 
28/11/2025,PAGOS A COMERCIOS VISA - L. 0000256540 - C. 00003907330,733467.98,28-11,13206672.35 
28/11/2025,IMPUESTO CREDITO -LEY 25413    1002 MEDIOS DE PAGO,-4400.81,28-11,13202271.54 
28/11/2025,RETENCION ARBA                 1002 MEDIOS DE PAGO,-18336.60,28-11,13183934.94 
28/11/2025,IMPUESTO DEBITO -LEY 25413     1002 MEDIOS DE PAGO,-110.02,28-11,13183824.92 
28/11/2025,PAGOS A COMERCIOS VISA - L. 0000256627 - C. 00003907330,363031.08,28-11,13546856.00 
28/11/2025,IMPUESTO CREDITO -LEY 25413    1002 MEDIOS DE PAGO,-2178.19,28-11,13544677.81 
28/11/2025,RETENCION ARBA                 1002 MEDIOS DE PAGO,-9075.70,28-11,13535602.11 
28/11/2025,IMPUESTO DEBITO -LEY 25413     1002 MEDIOS DE PAGO,-54.45,28-11,13535547.66 
28/11/2025,PAGOS A COMERCIOS MASTERCARD - L. 0000256516 - C. 00003907330,130182.55,28-11,13665730.21 
28/11/2025,IMPUESTO CREDITO -LEY 25413    1002 MEDIOS DE PAGO,-781.10,28-11,13664949.11 
28/11/2025,RETENCION ARBA                 1002 MEDIOS DE PAGO,-3254.50,28-11,13661694.61 
28/11/2025,IMPUESTO DEBITO -LEY 25413     1002 MEDIOS DE PAGO,-19.53,28-11,13661675.08 
28/11/2025,CR.TRAN. 30624944255ETESORERIA GENERAL PCIA BS 00D00,1833375.76,28-11,15495050.84 
28/11/2025,IMPUESTO CREDITO -LEY 25413    2000 REGION Y CASA MATRIZ LA P,-11000.25,28-11,15484050.59 
28/11/2025,RETENCION ARBA                 2000 REGION Y CASA MATRIZ LA P,-45834.30,28-11,15438216.29 
28/11/2025,IMPUESTO DEBITO -LEY 25413     2000 REGION Y CASA MATRIZ LA P,-275.01,28-11,15437941.28 
28/11/2025,CR.TRAN. 30624944255ETESORERIA GENERAL PCIA BS 00D00,634991.29,28-11,16072932.57 
28/11/2025,IMPUESTO CREDITO -LEY 25413    2000 REGION Y CASA MATRIZ LA P,-3809.95,28-11,16069122.62 
28/11/2025,RETENCION ARBA                 2000 REGION Y CASA MATRIZ LA P,-15874.70,28-11,16053247.92 
28/11/2025,IMPUESTO DEBITO -LEY 25413     2000 REGION Y CASA MATRIZ LA P,-95.25,28-11,16053152.67 
28/11/2025,FEDERACION PATR RE.214155470 ID.0434622923000000231125,-459741.00,28-11,15593411.67 
28/11/2025,IMPUESTO DEBITO -LEY 25413     1989 DEBITO DIRECTO Y AUTOMATI,-2758.45,28-11,15590653.22 
28/11/2025,FEDERACION PATR RE.214156214 ID.0434608470000000201125,-300403.00,28-11,15290250.22 
28/11/2025,IMPUESTO DEBITO -LEY 25413     1989 DEBITO DIRECTO Y AUTOMATI,-1802.42,28-11,15288447.80 
28/11/2025,REVERSA RETENCION ARBA,45834.30,28-11,15334282.10 
28/11/2025,REVERSA RETENCION ARBA,15874.70,28-11,15350156.80 
28/11/2025,REV. IMP.DEBITO.-LEY 25413,275.01,28-11,15350431.81 
28/11/2025,REV. IMP.DEBITO.-LEY 25413,95.25,28-11,15350527.06 
28/11/2025,COMISION DATANET,-24.64,28-11,15350502.42 
28/11/2025,IMPUESTO DEBITO -LEY 25413,-0.15,28-11,15350502.27 
28/11/2025,COMISION DATANET,-1234.17,28-11,15349268.10 
28/11/2025,IMPUESTO DEBITO -LEY 25413,-7.41,28-11,15349260.69 
01/12/2025,CHEQUE DE CAMARA 007712649,-1888906.24,01-12,13460354.45 
01/12/2025,IMPUESTO DEBITO -LEY 25413     1952 CONTABILIDAD Y CONCILIACI,-11333.44,01-12,13449021.01 
01/12/2025,CHEQUE DE CAMARA 007712650,-1800000.00,01-12,11649021.01 
01/12/2025,IMPUESTO DEBITO -LEY 25413     1952 CONTABILIDAD Y CONCILIACI,-10800.00,01-12,11638221.01 
01/12/2025,CR.DEBIN 29/11-S.744085 C:30657033770,37632.16,01-12,11675853.17 
01/12/2025,IMPUESTO CREDITO -LEY 25413,-225.79,01-12,11675627.38 
01/12/2025,RETENCION ARBA,-940.80,01-12,11674686.58 
01/12/2025,IMPUESTO DEBITO -LEY 25413,-5.64,01-12,11674680.94 
01/12/2025,CR.DEBIN 29/11-S.487913 C:30657033770,5941.92,01-12,11680622.86 
01/12/2025,IMPUESTO CREDITO -LEY 25413,-35.65,01-12,11680587.21 
01/12/2025,RETENCION ARBA,-148.50,01-12,11680438.71 
01/12/2025,IMPUESTO DEBITO -LEY 25413,-0.89,01-12,11680437.82 
01/12/2025,CR.DEBIN 30/11-S.274163 C:30714248258,155800.00,01-12,11836237.82 
01/12/2025,IMPUESTO CREDITO -LEY 25413,-934.80,01-12,11835303.02 
01/12/2025,RETENCION ARBA,-3895.00,01-12,11831408.02 
01/12/2025,IMPUESTO DEBITO -LEY 25413,-23.37,01-12,11831384.65 
01/12/2025,CR.TRAN. 30574816870 AMERICAN EXPRESS,72845.82,01-12,11904230.47 
01/12/2025,IMPUESTO CREDITO -LEY 25413    0001,-437.07,01-12,11903793.40 
01/12/2025,RETENCION ARBA                 0001,-1821.10,01-12,11901972.30 
01/12/2025,IMPUESTO DEBITO -LEY 25413     0001,-10.93,01-12,11901961.37 
01/12/2025,CR.DEBIN 01/12-S.540503 C:30657033770,6932.24,01-12,11908893.61 
01/12/2025,IMPUESTO CREDITO -LEY 25413,-41.59,01-12,11908852.02 
01/12/2025,RETENCION ARBA,-173.30,01-12,11908678.72 
01/12/2025,IMPUESTO DEBITO -LEY 25413,-1.04,01-12,11908677.68 
01/12/2025,PAGOS A COMERCIOS VISA - L. 0000256711 - C. 00003907330,674552.25,01-12,12583229.93 
01/12/2025,IMPUESTO CREDITO -LEY 25413    1002 MEDIOS DE PAGO,-4047.31,01-12,12579182.62 
01/12/2025,RETENCION ARBA                 1002 MEDIOS DE PAGO,-16863.80,01-12,12562318.82 
01/12/2025,IMPUESTO DEBITO -LEY 25413     1002 MEDIOS DE PAGO,-101.18,01-12,12562217.64 
01/12/2025,PAGOS A COMERCIOS VISA - L. 0000256801 - C. 00003907330,350766.89,01-12,12912984.53 
01/12/2025,IMPUESTO CREDITO -LEY 25413    1002 MEDIOS DE PAGO,-2104.60,01-12,12910879.93 
01/12/2025,RETENCION ARBA                 1002 MEDIOS DE PAGO,-8769.10,01-12,12902110.83 
01/12/2025,IMPUESTO DEBITO -LEY 25413     1002 MEDIOS DE PAGO,-52.61,01-12,12902058.22 
01/12/2025,PAGOS A COMERCIOS MASTERCARD - L. 0000256687 - C. 00003907330,121084.29,01-12,13023142.51 
01/12/2025,IMPUESTO CREDITO -LEY 25413    1002 MEDIOS DE PAGO,-726.51,01-12,13022416.00 
01/12/2025,RETENCION ARBA                 1002 MEDIOS DE PAGO,-3027.10,01-12,13019388.90 
01/12/2025,IMPUESTO DEBITO -LEY 25413     1002 MEDIOS DE PAGO,-18.16,01-12,13019370.74 
01/12/2025,PAGOS A COMERCIOS MASTERCARD - L. 0000256755 - C. 00003907330,38783.18,01-12,13058153.92 
01/12/2025,IMPUESTO CREDITO -LEY 25413    1002 MEDIOS DE PAGO,-232.70,01-12,13057921.22 
01/12/2025,RETENCION ARBA                 1002 MEDIOS DE PAGO,-969.50,01-12,13056951.72 
01/12/2025,IMPUESTO DEBITO -LEY 25413     1002 MEDIOS DE PAGO,-5.82,01-12,13056945.90 
01/12/2025,CARGO A COMERCIOS MASTERCARD - L. 0000256597 - C. 00003907330,-1280.00,01-12,13055665.90 
01/12/2025,CR.DEBIN 01/12-S.821307 C:30657033770,28719.28,01-12,13084385.18 
01/12/2025,IMPUESTO CREDITO -LEY 25413,-172.32,01-12,13084212.86 
01/12/2025,RETENCION ARBA,-717.90,01-12,13083494.96 
01/12/2025,IMPUESTO DEBITO -LEY 25413,-4.31,01-12,13083490.65 
01/12/2025,CR.TRAN. 30624944255ETESORERIA GENERAL PCIA BS 00D00,1006440.06,01-12,14089930.71 
01/12/2025,IMPUESTO CREDITO -LEY 25413    2000 REGION Y CASA MATRIZ LA P,-6038.64,01-12,14083892.07 
01/12/2025,RETENCION ARBA                 2000 REGION Y CASA MATRIZ LA P,-25161.00,01-12,14058731.07 
01/12/2025,IMPUESTO DEBITO -LEY 25413     2000 REGION Y CASA MATRIZ LA P,-150.97,01-12,14058580.10 
01/12/2025,CR.TRAN. 30624944255ETESORERIA GENERAL PCIA BS 00D00,1006440.05,01-12,15065020.15 
01/12/2025,IMPUESTO CREDITO -LEY 25413    2000 REGION Y CASA MATRIZ LA P,-6038.64,01-12,15058981.51 
01/12/2025,RETENCION ARBA                 2000 REGION Y CASA MATRIZ LA P,-25161.00,01-12,15033820.51 
01/12/2025,IMPUESTO DEBITO -LEY 25413     2000 REGION Y CASA MATRIZ LA P,-150.97,01-12,15033669.54 
01/12/2025,CR.TRA. COL DE FARMACE 30550857061BCO. 014 REF.VAR 0000007056,156000.00,01-12,15189669.54 
01/12/2025,IMPUESTO CREDITO -LEY 25413    5015 CALLE 12 (LA PLATA),-936.00,01-12,15188733.54 
01/12/2025,RETENCION ARBA                 5015 CALLE 12 (LA PLATA),-3900.00,01-12,15184833.54 
01/12/2025,IMPUESTO DEBITO -LEY 25413     5015 CALLE 12 (LA PLATA),-23.40,01-12,15184810.14 
01/12/2025,FEDERACION PATR RE.214216278 ID.1300404757000000301125,-31396.06,01-12,15153414.08 
01/12/2025,IMPUESTO DEBITO -LEY 25413     1989 DEBITO DIRECTO Y AUTOMATI,-188.38,01-12,15153225.70 
01/12/2025,FEDERACION PATR RE.214216276 ID.1300370286000000271125,-24141.05,01-12,15129084.65 
01/12/2025,IMPUESTO DEBITO -LEY 25413     1989 DEBITO DIRECTO Y AUTOMATI,-144.85,01-12,15128939.80 
01/12/2025,FEDERACION PATR RE.214319776 ID.0803873209000000251025,-14030.00,01-12,15114909.80 
01/12/2025,IMPUESTO DEBITO -LEY 25413     1989 DEBITO DIRECTO Y AUTOMATI,-84.18,01-12,15114825.62 
01/12/2025,REVERSA RETENCION ARBA,25161.00,01-12,15139986.62 
01/12/2025,REVERSA RETENCION ARBA,25161.00,01-12,15165147.62 
01/12/2025,REV. IMP.DEBITO.-LEY 25413,150.97,01-12,15165298.59 
01/12/2025,REV. IMP.DEBITO.-LEY 25413,150.97,01-12,15165449.56 
01/12/2025,COMISION DATANET,-36.42,01-12,15165413.14 
01/12/2025,IMPUESTO DEBITO -LEY 25413,-0.22,01-12,15165412.92 
01/12/2025,COMISION DATANET,-1006.44,01-12,15164406.48 
01/12/2025,IMPUESTO DEBITO -LEY 25413,-6.04,01-12,15164400.44 
----------------------------------------------------------------------------------------------------------- 
----------------------------------------------------------------------------------------------------------- 
Tot. Retención ARBA:	-2427496.30	 ITF - LEY25413(DEB): 	-739549.68
	 	 ITF - LEY25413(CRE): 	-582601.03
	 	 S/Desc.380/01 Y MOD: 	0.00
	 	 DESDE: 	01/11/2025
