5208 - PLAZA MATHEU	 	 Emitido el 05/05/2025 	 	 Frecuencia: MENSUAL
NADAL Y ZACCARO SA	 	CUIT	30657033770	 CBU: 0140191801520805008070
	 			   CUENTA CORRIENTE EN PESOS
	 			   2-CTA CTE PERSONA JURIDICA
	 			 50080/7
7 ESQ.63 1500
LA PLATA	 	 	 	 Cantidad de Titulares: 001
----------------------------------------------------------------------------------------------------------- 
----------------------------------------------------------------------------------------------------------- 
FECHA,CONCEPTO,IMPORTE,Fecha Valor,Saldo
31/03/2025,SALDO ANTERIOR,0,,56137491.69 
01/04/2025,CR.DEBIN 31/03-S.388642 C:30657033770,34661.20,01-04,56172152.89 
01/04/2025,CR.DEBIN 31/03-S.383107 C:30657033770,6338.05,01-04,56178490.94 
01/04/2025,CHEQUE DE CAMARA 005869880,-1765856.07,01-04,54412634.87 
01/04/2025,IMPUESTO DEBITO -LEY 25413     1950 COMPENSACION DE VALORES,-10595.14,01-04,54402039.73 
01/04/2025,CHEQUE DE CAMARA 005869886,-2131410.47,01-04,52270629.26 
01/04/2025,IMPUESTO DEBITO -LEY 25413     1950 COMPENSACION DE VALORES,-12788.46,01-04,52257840.80 
01/04/2025,CHEQUE DE CAMARA 009687398,-1765195.00,01-04,50492645.80 
01/04/2025,IMPUESTO DEBITO -LEY 25413     1950 COMPENSACION DE VALORES,-10591.17,01-04,50482054.63 
01/04/2025,CHEQUE DE CAMARA 009687406,-1897414.09,01-04,48584640.54 
01/04/2025,IMPUESTO DEBITO -LEY 25413     1950 COMPENSACION DE VALORES,-11384.48,01-04,48573256.06 
01/04/2025,CR.TRAN. 30574816870 AMERICAN EXPRESS,18045.25,01-04,48591301.31 
01/04/2025,IMPUESTO CREDITO -LEY 25413    0001,-108.27,01-04,48591193.04 
01/04/2025,RETENCION ARBA                 0001,-451.10,01-04,48590741.94 
01/04/2025,IMPUESTO DEBITO -LEY 25413     0001,-2.71,01-04,48590739.23 
01/04/2025,CR.DEBIN 01/04-S.550023 C:30657033770,7415.52,01-04,48598154.75 
01/04/2025,IMPUESTO CREDITO -LEY 25413,-44.49,01-04,48598110.26 
01/04/2025,RETENCION ARBA,-185.30,01-04,48597924.96 
01/04/2025,IMPUESTO DEBITO -LEY 25413,-1.11,01-04,48597923.85 
01/04/2025,PAGOS A COMERCIOS VISA - L. 0000227746 - C. 00003907330,1489467.28,01-04,50087391.13 
01/04/2025,IMPUESTO CREDITO -LEY 25413    1002 MEDIOS DE PAGO,-8936.80,01-04,50078454.33 
01/04/2025,RETENCION ARBA                 1002 MEDIOS DE PAGO,-37236.60,01-04,50041217.73 
01/04/2025,IMPUESTO DEBITO -LEY 25413     1002 MEDIOS DE PAGO,-223.42,01-04,50040994.31 
01/04/2025,PAGOS A COMERCIOS VISA - L. 0000227842 - C. 00003907330,510977.56,01-04,50551971.87 
01/04/2025,IMPUESTO CREDITO -LEY 25413    1002 MEDIOS DE PAGO,-3065.87,01-04,50548906.00 
01/04/2025,RETENCION ARBA                 1002 MEDIOS DE PAGO,-12774.40,01-04,50536131.60 
01/04/2025,IMPUESTO DEBITO -LEY 25413     1002 MEDIOS DE PAGO,-76.65,01-04,50536054.95 
01/04/2025,PAGOS A COMERCIOS MASTERCARD - L. 0000227710 - C. 00003907330,241823.15,01-04,50777878.10 
01/04/2025,IMPUESTO CREDITO -LEY 25413    1002 MEDIOS DE PAGO,-1450.94,01-04,50776427.16 
01/04/2025,RETENCION ARBA                 1002 MEDIOS DE PAGO,-6045.50,01-04,50770381.66 
01/04/2025,IMPUESTO DEBITO -LEY 25413     1002 MEDIOS DE PAGO,-36.27,01-04,50770345.39 
01/04/2025,PAGOS A COMERCIOS MASTERCARD - L. 0000227795 - C. 00003907330,166291.08,01-04,50936636.47 
01/04/2025,IMPUESTO CREDITO -LEY 25413    1002 MEDIOS DE PAGO,-997.75,01-04,50935638.72 
01/04/2025,RETENCION ARBA                 1002 MEDIOS DE PAGO,-4157.20,01-04,50931481.52 
01/04/2025,IMPUESTO DEBITO -LEY 25413     1002 MEDIOS DE PAGO,-24.94,01-04,50931456.58 
01/04/2025,CARGO A COMERCIOS MASTERCARD - L. 0000227645 - C. 00003907330,-3661.42,01-04,50927795.16 
01/04/2025,CHEQUE DE CAMARA 009687413,-194768.84,01-04,50733026.32 
01/04/2025,IMPUESTO DEBITO -LEY 25413     2000 REGION Y CASA MATRIZ LA P,-1168.61,01-04,50731857.71 
01/04/2025,CHEQUE DE CAMARA 009687409,-903191.00,01-04,49828666.71 
01/04/2025,IMPUESTO DEBITO -LEY 25413     2000 REGION Y CASA MATRIZ LA P,-5419.15,01-04,49823247.56 
01/04/2025,CR.DEBIN 01/04-S.374890 C:30657033770,5228.89,01-04,49828476.45 
01/04/2025,IMPUESTO CREDITO -LEY 25413,-31.37,01-04,49828445.08 
01/04/2025,RETENCION ARBA,-130.70,01-04,49828314.38 
01/04/2025,IMPUESTO DEBITO -LEY 25413,-0.78,01-04,49828313.60 
01/04/2025,CR.DEBIN 01/04-S.670567 C:30657033770,2475.80,01-04,49830789.40 
01/04/2025,IMPUESTO CREDITO -LEY 25413,-14.85,01-04,49830774.55 
01/04/2025,RETENCION ARBA,-61.80,01-04,49830712.75 
01/04/2025,IMPUESTO DEBITO -LEY 25413,-0.37,01-04,49830712.38 
01/04/2025,CR.TRAN. 30677980032 FUNDACION DE LA FACULTAD DE I,29400.00,01-04,49860112.38 
01/04/2025,IMPUESTO CREDITO -LEY 25413    0023,-176.40,01-04,49859935.98 
01/04/2025,RETENCION ARBA                 0023,-735.00,01-04,49859200.98 
01/04/2025,IMPUESTO DEBITO -LEY 25413     0023,-4.41,01-04,49859196.57 
01/04/2025,CR.DEBIN 01/04-S.765175 C:30657033770,2475.80,01-04,49861672.37 
01/04/2025,IMPUESTO CREDITO -LEY 25413,-14.85,01-04,49861657.52 
01/04/2025,RETENCION ARBA,-61.80,01-04,49861595.72 
01/04/2025,IMPUESTO DEBITO -LEY 25413,-0.37,01-04,49861595.35 
01/04/2025,CR.DEBIN 01/04-S.912148 C:30657033770,9309.01,01-04,49870904.36 
01/04/2025,IMPUESTO CREDITO -LEY 25413,-55.85,01-04,49870848.51 
01/04/2025,RETENCION ARBA,-232.70,01-04,49870615.81 
01/04/2025,IMPUESTO DEBITO -LEY 25413,-1.40,01-04,49870614.41 
01/04/2025,CR.DEBIN 01/04-S.074947 C:30657033770,45158.59,01-04,49915773.00 
01/04/2025,IMPUESTO CREDITO -LEY 25413,-270.95,01-04,49915502.05 
01/04/2025,RETENCION ARBA,-1128.90,01-04,49914373.15 
01/04/2025,IMPUESTO DEBITO -LEY 25413,-6.77,01-04,49914366.38 
01/04/2025,CR.DEBIN 01/04-S.474810 C:30657033770,3466.12,01-04,49917832.50 
01/04/2025,IMPUESTO CREDITO -LEY 25413,-20.80,01-04,49917811.70 
01/04/2025,RETENCION ARBA,-86.60,01-04,49917725.10 
01/04/2025,IMPUESTO DEBITO -LEY 25413,-0.52,01-04,49917724.58 
01/04/2025,CR.TRAN. 30657864281 CAMUZZI GAS PAMPEANA,596882.97,01-04,50514607.55 
01/04/2025,IMPUESTO CREDITO -LEY 25413    0101,-3581.30,01-04,50511026.25 
01/04/2025,RETENCION ARBA                 0101,-14922.00,01-04,50496104.25 
01/04/2025,IMPUESTO DEBITO -LEY 25413     0101,-89.53,01-04,50496014.72 
01/04/2025,CR.DEBIN 01/04-S.786700 C:30657033770,20004.46,01-04,50516019.18 
01/04/2025,IMPUESTO CREDITO -LEY 25413,-120.03,01-04,50515899.15 
01/04/2025,RETENCION ARBA,-500.10,01-04,50515399.05 
01/04/2025,IMPUESTO DEBITO -LEY 25413,-3.00,01-04,50515396.05 
01/04/2025,BIP DB TR 01/04-C.000282298755 DES:0014-03-501505489938,-400000.00,01-04,50115396.05 
01/04/2025,IMPUESTO DEBITO -LEY 25413,-2400.00,01-04,50112996.05 
01/04/2025,COMISION TRANSFERENCIA/GIRO,-3350.00,01-04,50109646.05 
01/04/2025,CR.DEBIN 01/04-S.766864 C:30657033770,7229.34,01-04,50116875.39 
01/04/2025,IMPUESTO CREDITO -LEY 25413,-43.38,01-04,50116832.01 
01/04/2025,RETENCION ARBA,-180.70,01-04,50116651.31 
01/04/2025,IMPUESTO DEBITO -LEY 25413,-1.08,01-04,50116650.23 
01/04/2025,FEDERACION PATR RE.209355067 ID.0432925410000000200325,-252456.00,01-04,49864194.23 
01/04/2025,IMPUESTO DEBITO -LEY 25413     1989 DEBITO DIRECTO Y AUTOMATI,-1514.74,01-04,49862679.49 
01/04/2025,FEDERACION PATR RE.209302810 ID.1300406011000000210325,-18758.57,01-04,49843920.92 
01/04/2025,IMPUESTO DEBITO -LEY 25413     1989 DEBITO DIRECTO Y AUTOMATI,-112.55,01-04,49843808.37 
01/04/2025,FEDERACION PATR RE.209398045 ID.0803339648000000250225,-12554.00,01-04,49831254.37 
01/04/2025,IMPUESTO DEBITO -LEY 25413     1989 DEBITO DIRECTO Y AUTOMATI,-75.32,01-04,49831179.05 
01/04/2025,FEDERACION PATR RE.209352619 ID.1300377828000000240325,-11502.74,01-04,49819676.31 
01/04/2025,IMPUESTO DEBITO -LEY 25413     1989 DEBITO DIRECTO Y AUTOMATI,-69.02,01-04,49819607.29 
01/04/2025,COMISION DATANET,-9.02,01-04,49819598.27 
01/04/2025,IMPUESTO DEBITO -LEY 25413,-0.05,01-04,49819598.22 
01/04/2025,COMISION DATANET,-14.70,01-04,49819583.52 
01/04/2025,IMPUESTO DEBITO -LEY 25413,-0.09,01-04,49819583.43 
01/04/2025,COMISION DATANET,-298.44,01-04,49819284.99 
01/04/2025,IMPUESTO DEBITO -LEY 25413,-1.79,01-04,49819283.20 
03/04/2025,CR.DEBIN 01/04-S.801494 C:30657033770,59419.20,03-04,49878702.40 
03/04/2025,CR.DEBIN 01/04-S.188935 C:30657033770,40405.06,03-04,49919107.46 
03/04/2025,CR.DEBIN 01/04-S.558390 C:30657033770,33868.94,03-04,49952976.40 
03/04/2025,CR.DEBIN 01/04-S.896031 C:30657033770,27728.96,03-04,49980705.36 
03/04/2025,CR.DEBIN 01/04-S.909707 C:30657033770,21787.04,03-04,50002492.40 
03/04/2025,CR.DEBIN 01/04-S.875393 C:30657033770,8912.88,03-04,50011405.28 
03/04/2025,CR.DEBIN 01/04-S.253813 C:30657033770,7922.56,03-04,50019327.84 
03/04/2025,CR.DEBIN 01/04-S.128876 C:30657033770,5644.82,03-04,50024972.66 
03/04/2025,CR.DEBIN 01/04-S.816218 C:30657033770,5050.63,03-04,50030023.29 
03/04/2025,CR.DEBIN 01/04-S.953389 C:30657033770,2772.90,03-04,50032796.19 
03/04/2025,CR.DEBIN 01/04-S.811260 C:30657033770,2673.86,03-04,50035470.05 
03/04/2025,BIP DB TR 02/04-C.000795545961 DES:0014-03-520805107474,-1300000.00,03-04,48735470.05 
03/04/2025,IMPUESTO DEBITO -LEY 25413,-7800.00,03-04,48727670.05 
03/04/2025,COMISION TRANSFERENCIA/GIRO,-3350.00,03-04,48724320.05 
03/04/2025,CR.DEBIN 02/04-S.769083 C:30657033770,6932.24,03-04,48731252.29 
03/04/2025,IMPUESTO CREDITO -LEY 25413,-41.59,03-04,48731210.70 
03/04/2025,RETENCION ARBA,-173.30,03-04,48731037.40 
03/04/2025,IMPUESTO DEBITO -LEY 25413,-1.04,03-04,48731036.36 
03/04/2025,CR.DEBIN 02/04-S.754008 C:30657033770,35651.52,03-04,48766687.88 
03/04/2025,IMPUESTO CREDITO -LEY 25413,-213.91,03-04,48766473.97 
03/04/2025,RETENCION ARBA,-891.20,03-04,48765582.77 
03/04/2025,IMPUESTO DEBITO -LEY 25413,-5.35,03-04,48765577.42 
03/04/2025,CR.DEBIN 02/04-S.085546 C:30657033770,5050.63,03-04,48770628.05 
03/04/2025,IMPUESTO CREDITO -LEY 25413,-30.30,03-04,48770597.75 
03/04/2025,RETENCION ARBA,-126.20,03-04,48770471.55 
03/04/2025,IMPUESTO DEBITO -LEY 25413,-0.76,03-04,48770470.79 
03/04/2025,CR.DEBIN 02/04-S.386027 C:30657033770,16637.38,03-04,48787108.17 
03/04/2025,IMPUESTO CREDITO -LEY 25413,-99.82,03-04,48787008.35 
03/04/2025,RETENCION ARBA,-415.90,03-04,48786592.45 
03/04/2025,IMPUESTO DEBITO -LEY 25413,-2.50,03-04,48786589.95 
03/04/2025,CR.DEBIN 02/04-S.833170 C:30657033770,15607.44,03-04,48802197.39 
03/04/2025,IMPUESTO CREDITO -LEY 25413,-93.64,03-04,48802103.75 
03/04/2025,RETENCION ARBA,-390.10,03-04,48801713.65 
03/04/2025,IMPUESTO DEBITO -LEY 25413,-2.34,03-04,48801711.31 
03/04/2025,CR.DEBIN 02/04-S.562401 C:30657033770,1584.51,03-04,48803295.82 
03/04/2025,IMPUESTO CREDITO -LEY 25413,-9.51,03-04,48803286.31 
03/04/2025,RETENCION ARBA,-39.60,03-04,48803246.71 
03/04/2025,IMPUESTO DEBITO -LEY 25413,-0.24,03-04,48803246.47 
03/04/2025,CR.DEBIN 02/04-S.311322 C:30657033770,13666.42,03-04,48816912.89 
03/04/2025,IMPUESTO CREDITO -LEY 25413,-82.00,03-04,48816830.89 
03/04/2025,RETENCION ARBA,-341.60,03-04,48816489.29 
03/04/2025,IMPUESTO DEBITO -LEY 25413,-2.05,03-04,48816487.24 
03/04/2025,PAGO CUOTA,COM,GASTOS PRESTAMO 1987 BIYCSA,-803611.51,03-04,48012875.73 
03/04/2025,IMPUESTO DEBITO -LEY 25413,-4821.67,03-04,48008054.06 
03/04/2025,PAGOS A COMERCIOS VISA - L. 0000227930 - C. 00003907330,610360.22,03-04,48618414.28 
03/04/2025,IMPUESTO CREDITO -LEY 25413    1002 MEDIOS DE PAGO,-3662.16,03-04,48614752.12 
03/04/2025,RETENCION ARBA                 1002 MEDIOS DE PAGO,-15259.00,03-04,48599493.12 
03/04/2025,IMPUESTO DEBITO -LEY 25413     1002 MEDIOS DE PAGO,-91.55,03-04,48599401.57 
03/04/2025,PAGOS A COMERCIOS VISA - L. 0000228022 - C. 00003907330,25613.22,03-04,48625014.79 
03/04/2025,IMPUESTO CREDITO -LEY 25413    1002 MEDIOS DE PAGO,-153.68,03-04,48624861.11 
03/04/2025,RETENCION ARBA                 1002 MEDIOS DE PAGO,-640.30,03-04,48624220.81 
03/04/2025,IMPUESTO DEBITO -LEY 25413     1002 MEDIOS DE PAGO,-3.84,03-04,48624216.97 
03/04/2025,PAGOS A COMERCIOS MASTERCARD - L. 0000227899 - C. 00003907330,4657.54,03-04,48628874.51 
03/04/2025,IMPUESTO CREDITO -LEY 25413    1002 MEDIOS DE PAGO,-27.95,03-04,48628846.56 
03/04/2025,RETENCION ARBA                 1002 MEDIOS DE PAGO,-116.40,03-04,48628730.16 
03/04/2025,IMPUESTO DEBITO -LEY 25413     1002 MEDIOS DE PAGO,-0.70,03-04,48628729.46 
03/04/2025,PAGOS A COMERCIOS MASTERCARD - L. 0000227974 - C. 00003907330,2443.46,03-04,48631172.92 
03/04/2025,IMPUESTO CREDITO -LEY 25413    1002 MEDIOS DE PAGO,-14.66,03-04,48631158.26 
03/04/2025,RETENCION ARBA                 1002 MEDIOS DE PAGO,-61.00,03-04,48631097.26 
03/04/2025,IMPUESTO DEBITO -LEY 25413     1002 MEDIOS DE PAGO,-0.37,03-04,48631096.89 
03/04/2025,CR.TRAN. 30715803891 RAPPI ARG SAS,58697.31,03-04,48689794.20 
03/04/2025,IMPUESTO CREDITO -LEY 25413    0814,-352.18,03-04,48689442.02 
03/04/2025,RETENCION ARBA                 0814,-1467.40,03-04,48687974.62 
03/04/2025,IMPUESTO DEBITO -LEY 25413     0814,-8.80,03-04,48687965.82 
03/04/2025,CRED.TRF.03/04-C.591727 D:30520912963 N:TAIUTI CONSTRUC,2025680.00,03-04,50713645.82 
03/04/2025,IMPUESTO CREDITO -LEY 25413,-12154.08,03-04,50701491.74 
03/04/2025,RETENCION ARBA,-50642.00,03-04,50650849.74 
03/04/2025,IMPUESTO DEBITO -LEY 25413,-303.85,03-04,50650545.89 
03/04/2025,CRED.TRF.03/04-C.591754 D:30520912963 N:TAIUTI CONSTRUC,1442320.00,03-04,52092865.89 
03/04/2025,IMPUESTO CREDITO -LEY 25413,-8653.92,03-04,52084211.97 
03/04/2025,RETENCION ARBA,-36058.00,03-04,52048153.97 
03/04/2025,IMPUESTO DEBITO -LEY 25413,-216.35,03-04,52047937.62 
03/04/2025,DEBITO EN CUENTA,-16000000.00,03-04,36047937.62 
03/04/2025,COMISION CHEQUE USO DE CAJA,-70.00,03-04,36047867.62 
03/04/2025,IMPUESTO DEBITO -LEY 25413,-96000.00,03-04,35951867.62 
03/04/2025,IMPUESTO DEBITO -LEY 25413,-0.42,03-04,35951867.20 
03/04/2025,CR.DEBIN 03/04-S.313585 C:30657033770,4456.44,03-04,35956323.64 
03/04/2025,IMPUESTO CREDITO -LEY 25413,-26.74,03-04,35956296.90 
03/04/2025,RETENCION ARBA,-111.40,03-04,35956185.50 
03/04/2025,IMPUESTO DEBITO -LEY 25413,-0.67,03-04,35956184.83 
03/04/2025,CR.DEBIN 03/04-S.293263 C:30657033770,12081.90,03-04,35968266.73 
03/04/2025,IMPUESTO CREDITO -LEY 25413,-72.49,03-04,35968194.24 
03/04/2025,RETENCION ARBA,-302.00,03-04,35967892.24 
03/04/2025,IMPUESTO DEBITO -LEY 25413,-1.81,03-04,35967890.43 
03/04/2025,CR.TRAN. 30624944255ETESORERIA GENERAL PCIA BS 00D00,7420796.16,03-04,43388686.59 
03/04/2025,IMPUESTO CREDITO -LEY 25413    2000 REGION Y CASA MATRIZ LA P,-44524.78,03-04,43344161.81 
03/04/2025,RETENCION ARBA                 2000 REGION Y CASA MATRIZ LA P,-185519.90,03-04,43158641.91 
03/04/2025,IMPUESTO DEBITO -LEY 25413     2000 REGION Y CASA MATRIZ LA P,-1113.12,03-04,43157528.79 
03/04/2025,CR.DEBIN 03/04-S.778891 C:30657033770,8912.88,03-04,43166441.67 
03/04/2025,IMPUESTO CREDITO -LEY 25413,-53.48,03-04,43166388.19 
03/04/2025,RETENCION ARBA,-222.80,03-04,43166165.39 
03/04/2025,IMPUESTO DEBITO -LEY 25413,-1.34,03-04,43166164.05 
03/04/2025,CR.DEBIN 03/04-S.598847 C:30657033770,13220.77,03-04,43179384.82 
03/04/2025,IMPUESTO CREDITO -LEY 25413,-79.32,03-04,43179305.50 
03/04/2025,RETENCION ARBA,-330.50,03-04,43178975.00 
03/04/2025,IMPUESTO DEBITO -LEY 25413,-1.98,03-04,43178973.02 
03/04/2025,CR.DEBIN 03/04-S.790073 C:30657033770,4159.34,03-04,43183132.36 
03/04/2025,IMPUESTO CREDITO -LEY 25413,-24.96,03-04,43183107.40 
03/04/2025,RETENCION ARBA,-103.90,03-04,43183003.50 
03/04/2025,IMPUESTO DEBITO -LEY 25413,-0.62,03-04,43183002.88 
03/04/2025,CR.DEBIN 03/04-S.053215 C:30657033770,7724.50,03-04,43190727.38 
03/04/2025,IMPUESTO CREDITO -LEY 25413,-46.35,03-04,43190681.03 
03/04/2025,RETENCION ARBA,-193.10,03-04,43190487.93 
03/04/2025,IMPUESTO DEBITO -LEY 25413,-1.16,03-04,43190486.77 
03/04/2025,CR.DEBIN 03/04-S.338357 C:30657033770,2525.32,03-04,43193012.09 
03/04/2025,IMPUESTO CREDITO -LEY 25413,-15.15,03-04,43192996.94 
03/04/2025,RETENCION ARBA,-63.10,03-04,43192933.84 
03/04/2025,IMPUESTO DEBITO -LEY 25413,-0.38,03-04,43192933.46 
03/04/2025,CR.DEBIN 03/04-S.800352 C:30657033770,15448.99,03-04,43208382.45 
03/04/2025,IMPUESTO CREDITO -LEY 25413,-92.69,03-04,43208289.76 
03/04/2025,RETENCION ARBA,-386.20,03-04,43207903.56 
03/04/2025,IMPUESTO DEBITO -LEY 25413,-2.32,03-04,43207901.24 
03/04/2025,CR.DEBIN 03/04-S.949397 C:30657033770,20301.56,03-04,43228202.80 
03/04/2025,IMPUESTO CREDITO -LEY 25413,-121.81,03-04,43228080.99 
03/04/2025,RETENCION ARBA,-507.50,03-04,43227573.49 
03/04/2025,IMPUESTO DEBITO -LEY 25413,-3.05,03-04,43227570.44 
03/04/2025,CR.DEBIN 03/04-S.068775 C:30657033770,8368.20,03-04,43235938.64 
03/04/2025,IMPUESTO CREDITO -LEY 25413,-50.21,03-04,43235888.43 
03/04/2025,RETENCION ARBA,-209.20,03-04,43235679.23 
03/04/2025,IMPUESTO DEBITO -LEY 25413,-1.26,03-04,43235677.97 
03/04/2025,CR.DEBIN 03/04-S.328777 C:30657033770,9804.17,03-04,43245482.14 
03/04/2025,IMPUESTO CREDITO -LEY 25413,-58.83,03-04,43245423.31 
03/04/2025,RETENCION ARBA,-245.10,03-04,43245178.21 
03/04/2025,IMPUESTO DEBITO -LEY 25413,-1.47,03-04,43245176.74 
03/04/2025,CR.DEBIN 03/04-S.967682 C:30657033770,17350.41,03-04,43262527.15 
03/04/2025,IMPUESTO CREDITO -LEY 25413,-104.10,03-04,43262423.05 
03/04/2025,RETENCION ARBA,-433.70,03-04,43261989.35 
03/04/2025,IMPUESTO DEBITO -LEY 25413,-2.60,03-04,43261986.75 
03/04/2025,CR.DEBIN 03/04-S.353934 C:30657033770,15349.96,03-04,43277336.71 
03/04/2025,IMPUESTO CREDITO -LEY 25413,-92.10,03-04,43277244.61 
03/04/2025,RETENCION ARBA,-383.70,03-04,43276860.91 
03/04/2025,IMPUESTO DEBITO -LEY 25413,-2.30,03-04,43276858.61 
03/04/2025,CR.DEBIN 03/04-S.354360 C:30657033770,7427.40,03-04,43284286.01 
03/04/2025,IMPUESTO CREDITO -LEY 25413,-44.56,03-04,43284241.45 
03/04/2025,RETENCION ARBA,-185.60,03-04,43284055.85 
03/04/2025,IMPUESTO DEBITO -LEY 25413,-1.11,03-04,43284054.74 
03/04/2025,CR.DEBIN 03/04-S.793408 C:30657033770,12428.52,03-04,43296483.26 
03/04/2025,IMPUESTO CREDITO -LEY 25413,-74.57,03-04,43296408.69 
03/04/2025,RETENCION ARBA,-310.70,03-04,43296097.99 
03/04/2025,IMPUESTO DEBITO -LEY 25413,-1.86,03-04,43296096.13 
03/04/2025,DEB LOTE HABERES,-10483093.67,03-04,32813002.46 
03/04/2025,IMPUESTO DEBITO -LEY 25413                           20 001450,-62898.56,03-04,32750103.90 
03/04/2025,COMISION CHEQUERA / TALONARIO,-7850.00,03-04,32742253.90 
03/04/2025,IMPUESTO I.BRUTOS - PERCEPCION,-392.50,03-04,32741861.40 
03/04/2025,IMPUESTO DEBITO -LEY 25413,-47.10,03-04,32741814.30 
03/04/2025,IMPUESTO DEBITO -LEY 25413,-2.36,03-04,32741811.94 
03/04/2025,COMISION CHEQUERA / TALONARIO,-7850.00,03-04,32733961.94 
03/04/2025,IMPUESTO I.BRUTOS - PERCEPCION,-392.50,03-04,32733569.44 
03/04/2025,IMPUESTO DEBITO -LEY 25413,-47.10,03-04,32733522.34 
03/04/2025,IMPUESTO DEBITO -LEY 25413,-2.36,03-04,32733519.98 
03/04/2025,COMISION CHEQUERA / TALONARIO,-7850.00,03-04,32725669.98 
03/04/2025,IMPUESTO I.BRUTOS - PERCEPCION,-392.50,03-04,32725277.48 
03/04/2025,IMPUESTO DEBITO -LEY 25413,-47.10,03-04,32725230.38 
03/04/2025,IMPUESTO DEBITO -LEY 25413,-2.36,03-04,32725228.02 
03/04/2025,FEDERACION PATR RE.209449810 ID.0432034106000000010425,-244999.61,03-04,32480228.41 
03/04/2025,IMPUESTO DEBITO -LEY 25413     1989 DEBITO DIRECTO Y AUTOMATI,-1470.00,03-04,32478758.41 
03/04/2025,FEDERACION PATR RE.209471793 ID.0432965617000000030425,-241286.00,03-04,32237472.41 
03/04/2025,IMPUESTO DEBITO -LEY 25413     1989 DEBITO DIRECTO Y AUTOMATI,-1447.72,03-04,32236024.69 
03/04/2025,REVERSA RETENCION ARBA,185519.90,03-04,32421544.59 
03/04/2025,REV. IMP.DEBITO.-LEY 25413,1113.12,03-04,32422657.71 
03/04/2025,COMISION DATANET,-29.34,03-04,32422628.37 
03/04/2025,IMPUESTO DEBITO -LEY 25413,-0.18,03-04,32422628.19 
03/04/2025,COMISION DATANET,-3710.39,03-04,32418917.80 
03/04/2025,IMPUESTO I.BRUTOS - PERCEPCION,-185.52,03-04,32418732.28 
03/04/2025,IMPUESTO DEBITO -LEY 25413,-22.26,03-04,32418710.02 
03/04/2025,IMPUESTO DEBITO -LEY 25413,-1.11,03-04,32418708.91 
04/04/2025,CR.DEBIN 03/04-S.711607 C:30657033770,29214.44,04-04,32447923.35 
04/04/2025,CR.DEBIN 03/04-S.416992 C:30657033770,26738.64,04-04,32474661.99 
04/04/2025,CR.DEBIN 03/04-S.012833 C:30657033770,22282.20,04-04,32496944.19 
04/04/2025,CR.DEBIN 03/04-S.446680 C:30657033770,20202.53,04-04,32517146.72 
04/04/2025,CR.DEBIN 03/04-S.906927 C:30657033770,16835.44,04-04,32533982.16 
04/04/2025,CR.DEBIN 03/04-S.150898 C:30657033770,10002.23,04-04,32543984.39 
04/04/2025,CR.DEBIN 03/04-S.885858 C:30657033770,8912.88,04-04,32552897.27 
04/04/2025,CR.DEBIN 03/04-S.433038 C:30657033770,6437.08,04-04,32559334.35 
04/04/2025,CR.DEBIN 03/04-S.153661 C:30657033770,5050.63,04-04,32564384.98 
04/04/2025,CR.DEBIN 03/04-S.141942 C:30657033770,5050.63,04-04,32569435.61 
04/04/2025,CR.DEBIN 03/04-S.833551 C:30657033770,5050.63,04-04,32574486.24 
04/04/2025,CR.DEBIN 03/04-S.711934 C:30657033770,4753.54,04-04,32579239.78 
04/04/2025,CR.DEBIN 03/04-S.382235 C:30657033770,1980.64,04-04,32581220.42 
04/04/2025,CDNI 04/04-C.942675 D:27296841531 N:DIAZ, MARIA BELEN,180000.00,04-04,32761220.42 
04/04/2025,IMPUESTO CREDITO -LEY 25413,-1080.00,04-04,32760140.42 
04/04/2025,RETENCION ARBA,-4500.00,04-04,32755640.42 
04/04/2025,IMPUESTO DEBITO -LEY 25413,-27.00,04-04,32755613.42 
04/04/2025,PAGOS A COMERCIOS VISA - L. 0000228116 - C. 00003907330,879696.62,04-04,33635310.04 
04/04/2025,IMPUESTO CREDITO -LEY 25413    1002 MEDIOS DE PAGO,-5278.18,04-04,33630031.86 
04/04/2025,RETENCION ARBA                 1002 MEDIOS DE PAGO,-21992.40,04-04,33608039.46 
04/04/2025,IMPUESTO DEBITO -LEY 25413     1002 MEDIOS DE PAGO,-131.95,04-04,33607907.51 
04/04/2025,PAGOS A COMERCIOS MASTERCARD - L. 0000228080 - C. 00003907330,185913.31,04-04,33793820.82 
04/04/2025,IMPUESTO CREDITO -LEY 25413    1002 MEDIOS DE PAGO,-1115.48,04-04,33792705.34 
04/04/2025,RETENCION ARBA                 1002 MEDIOS DE PAGO,-4647.80,04-04,33788057.54 
04/04/2025,IMPUESTO DEBITO -LEY 25413     1002 MEDIOS DE PAGO,-27.89,04-04,33788029.65 
04/04/2025,CRED.TRF.04/04-C.928835 D:33684854149 N:COM.INVEST.CIEN,1324522.20,04-04,35112551.85 
04/04/2025,IMPUESTO CREDITO -LEY 25413,-7947.13,04-04,35104604.72 
04/04/2025,RETENCION ARBA,-33113.00,04-04,35071491.72 
04/04/2025,IMPUESTO DEBITO -LEY 25413,-198.68,04-04,35071293.04 
04/04/2025,AMORTIZACION EXTRA.PRESTAMO,-1845590.35,04-04,33225702.69 
04/04/2025,IMPUESTO DEBITO -LEY 25413,-11073.54,04-04,33214629.15 
04/04/2025,CR.TRAN. 30546666707 Facultad de Ciencias M?dicas 00X25,88683.68,04-04,33303312.83 
04/04/2025,IMPUESTO CREDITO -LEY 25413    2170,-532.10,04-04,33302780.73 
04/04/2025,RETENCION ARBA                 2170,-2217.00,04-04,33300563.73 
04/04/2025,IMPUESTO DEBITO -LEY 25413     2170,-13.30,04-04,33300550.43 
04/04/2025,CR.DEBIN 04/04-S.826698 C:30657033770,8912.88,04-04,33309463.31 
04/04/2025,IMPUESTO CREDITO -LEY 25413,-53.48,04-04,33309409.83 
04/04/2025,RETENCION ARBA,-222.80,04-04,33309187.03 
04/04/2025,IMPUESTO DEBITO -LEY 25413,-1.34,04-04,33309185.69 
04/04/2025,CR.DEBIN 04/04-S.449426 C:30657033770,3862.25,04-04,33313047.94 
04/04/2025,IMPUESTO CREDITO -LEY 25413,-23.17,04-04,33313024.77 
04/04/2025,RETENCION ARBA,-96.50,04-04,33312928.27 
04/04/2025,IMPUESTO DEBITO -LEY 25413,-0.58,04-04,33312927.69 
04/04/2025,CR.DEBIN 04/04-S.856758 C:30657033770,9209.98,04-04,33322137.67 
04/04/2025,IMPUESTO CREDITO -LEY 25413,-55.26,04-04,33322082.41 
04/04/2025,RETENCION ARBA,-230.20,04-04,33321852.21 
04/04/2025,IMPUESTO DEBITO -LEY 25413,-1.38,04-04,33321850.83 
04/04/2025,CR.DEBIN 04/04-S.271794 C:30657033770,7922.56,04-04,33329773.39 
04/04/2025,IMPUESTO CREDITO -LEY 25413,-47.54,04-04,33329725.85 
04/04/2025,RETENCION ARBA,-198.00,04-04,33329527.85 
04/04/2025,IMPUESTO DEBITO -LEY 25413,-1.19,04-04,33329526.66 
04/04/2025,PAGOS A COMERCIOS VISA - L. 0000228217 - C. 00003907330,581088.48,04-04,33910615.14 
04/04/2025,IMPUESTO CREDITO -LEY 25413    1002 MEDIOS DE PAGO,-3486.53,04-04,33907128.61 
04/04/2025,RETENCION ARBA                 1002 MEDIOS DE PAGO,-14527.20,04-04,33892601.41 
04/04/2025,IMPUESTO DEBITO -LEY 25413     1002 MEDIOS DE PAGO,-87.16,04-04,33892514.25 
04/04/2025,PAGOS A COMERCIOS MASTERCARD - L. 0000228164 - C. 00003907330,113768.39,04-04,34006282.64 
04/04/2025,IMPUESTO CREDITO -LEY 25413    1002 MEDIOS DE PAGO,-682.61,04-04,34005600.03 
04/04/2025,RETENCION ARBA                 1002 MEDIOS DE PAGO,-2844.20,04-04,34002755.83 
04/04/2025,IMPUESTO DEBITO -LEY 25413     1002 MEDIOS DE PAGO,-17.07,04-04,34002738.76 
04/04/2025,CARGO A COMERCIOS MASTERCARD - L. 0000227995 - C. 00003907330,-6393.98,04-04,33996344.78 
07/04/2025,CR.DEBIN 04/04-S.930355 C:30657033770,7625.46,07-04,34003970.24 
07/04/2025,CHEQUE DE CAMARA 005869889,-359530.34,07-04,33644439.90 
07/04/2025,IMPUESTO DEBITO -LEY 25413     1950 COMPENSACION DE VALORES,-2157.18,07-04,33642282.72 
07/04/2025,CHEQUE DE CAMARA 005869891,-1412090.02,07-04,32230192.70 
07/04/2025,IMPUESTO DEBITO -LEY 25413     1952 CONTABILIDAD Y CONCILIACI,-8472.54,07-04,32221720.16 
07/04/2025,CHEQUE DE CAMARA 006740376,-1658843.38,07-04,30562876.78 
07/04/2025,IMPUESTO DEBITO -LEY 25413     1950 COMPENSACION DE VALORES,-9953.06,07-04,30552923.72 
07/04/2025,CHEQUE DE CAMARA 006740377,-1500000.00,07-04,29052923.72 
07/04/2025,IMPUESTO DEBITO -LEY 25413     1950 COMPENSACION DE VALORES,-9000.00,07-04,29043923.72 
07/04/2025,CHEQUE DE CAMARA 009687407,-2378921.25,07-04,26665002.47 
07/04/2025,IMPUESTO DEBITO -LEY 25413     1952 CONTABILIDAD Y CONCILIACI,-14273.53,07-04,26650728.94 
07/04/2025,CR.DEBIN 05/04-S.327423 C:30657033770,9526.88,07-04,26660255.82 
07/04/2025,IMPUESTO CREDITO -LEY 25413,-57.16,07-04,26660198.66 
07/04/2025,RETENCION ARBA,-238.10,07-04,26659960.56 
07/04/2025,IMPUESTO DEBITO -LEY 25413,-1.43,07-04,26659959.13 
07/04/2025,CR.DEBIN 05/04-S.765678 C:30657033770,78532.38,07-04,26738491.51 
07/04/2025,IMPUESTO CREDITO -LEY 25413,-471.19,07-04,26738020.32 
07/04/2025,RETENCION ARBA,-1963.30,07-04,26736057.02 
07/04/2025,IMPUESTO DEBITO -LEY 25413,-11.78,07-04,26736045.24 
07/04/2025,PAGO CUOTA,COM,GASTOS PRESTAMO 1987 BIYCSA,-695275.70,07-04,26040769.54 
07/04/2025,IMPUESTO DEBITO -LEY 25413,-4171.65,07-04,26036597.89 
07/04/2025,CR.DEBIN 07/04-S.957435 C:30657033770,4753.54,07-04,26041351.43 
07/04/2025,IMPUESTO CREDITO -LEY 25413,-28.52,07-04,26041322.91 
07/04/2025,RETENCION ARBA,-118.80,07-04,26041204.11 
07/04/2025,IMPUESTO DEBITO -LEY 25413,-0.71,07-04,26041203.40 
07/04/2025,CR.TRAN. 30574816870 AMERICAN EXPRESS,503350.01,07-04,26544553.41 
07/04/2025,IMPUESTO CREDITO -LEY 25413    0001,-3020.10,07-04,26541533.31 
07/04/2025,RETENCION ARBA                 0001,-12583.70,07-04,26528949.61 
07/04/2025,IMPUESTO DEBITO -LEY 25413     0001,-75.50,07-04,26528874.11 
07/04/2025,CR.DEBIN 07/04-S.471455 C:30657033770,4753.54,07-04,26533627.65 
07/04/2025,IMPUESTO CREDITO -LEY 25413,-28.52,07-04,26533599.13 
07/04/2025,RETENCION ARBA,-118.80,07-04,26533480.33 
07/04/2025,IMPUESTO DEBITO -LEY 25413,-0.71,07-04,26533479.62 
07/04/2025,PAGOS A COMERCIOS VISA - L. 0000228309 - C. 00003907330,348113.19,07-04,26881592.81 
07/04/2025,IMPUESTO CREDITO -LEY 25413    1002 MEDIOS DE PAGO,-2088.68,07-04,26879504.13 
07/04/2025,RETENCION ARBA                 1002 MEDIOS DE PAGO,-8702.80,07-04,26870801.33 
07/04/2025,IMPUESTO DEBITO -LEY 25413     1002 MEDIOS DE PAGO,-52.22,07-04,26870749.11 
07/04/2025,PAGOS A COMERCIOS MASTERCARD - L. 0000228281 - C. 00003907330,203087.98,07-04,27073837.09 
07/04/2025,IMPUESTO CREDITO -LEY 25413    1002 MEDIOS DE PAGO,-1218.53,07-04,27072618.56 
07/04/2025,RETENCION ARBA                 1002 MEDIOS DE PAGO,-5077.10,07-04,27067541.46 
07/04/2025,IMPUESTO DEBITO -LEY 25413     1002 MEDIOS DE PAGO,-30.46,07-04,27067511.00 
07/04/2025,PAGOS A COMERCIOS MASTERCARD - L. 0000228351 - C. 00003907330,36412.36,07-04,27103923.36 
07/04/2025,IMPUESTO CREDITO -LEY 25413    1002 MEDIOS DE PAGO,-218.47,07-04,27103704.89 
07/04/2025,RETENCION ARBA                 1002 MEDIOS DE PAGO,-910.30,07-04,27102794.59 
07/04/2025,IMPUESTO DEBITO -LEY 25413     1002 MEDIOS DE PAGO,-5.46,07-04,27102789.13 
07/04/2025,PAGOS A COMERCIOS CABAL - L. 0000537996 - C. 88603907330,19697.50,07-04,27122486.63 
07/04/2025,IMPUESTO CREDITO -LEY 25413    1002 MEDIOS DE PAGO,-118.19,07-04,27122368.44 
07/04/2025,RETENCION ARBA                 1002 MEDIOS DE PAGO,-492.40,07-04,27121876.04 
07/04/2025,IMPUESTO DEBITO -LEY 25413     1002 MEDIOS DE PAGO,-2.95,07-04,27121873.09 
07/04/2025,PAGOS A COMERCIOS VISA - L. 0000228382 - C. 00003907330,13510.90,07-04,27135383.99 
07/04/2025,IMPUESTO CREDITO -LEY 25413    1002 MEDIOS DE PAGO,-81.07,07-04,27135302.92 
07/04/2025,RETENCION ARBA                 1002 MEDIOS DE PAGO,-337.70,07-04,27134965.22 
07/04/2025,IMPUESTO DEBITO -LEY 25413     1002 MEDIOS DE PAGO,-2.03,07-04,27134963.19 
07/04/2025,CARGO A COMERCIOS MASTERCARD - L. 0000228186 - C. 00003907330,-12798.42,07-04,27122164.77 
07/04/2025,CR.DEBIN 07/04-S.589735 C:30657033770,4753.54,07-04,27126918.31 
07/04/2025,IMPUESTO CREDITO -LEY 25413,-28.52,07-04,27126889.79 
07/04/2025,RETENCION ARBA,-118.80,07-04,27126770.99 
07/04/2025,IMPUESTO DEBITO -LEY 25413,-0.71,07-04,27126770.28 
07/04/2025,CR.DEBIN 07/04-S.119409 C:30657033770,9903.20,07-04,27136673.48 
07/04/2025,IMPUESTO CREDITO -LEY 25413,-59.42,07-04,27136614.06 
07/04/2025,RETENCION ARBA,-247.50,07-04,27136366.56 
07/04/2025,IMPUESTO DEBITO -LEY 25413,-1.49,07-04,27136365.07 
07/04/2025,CR.DEBIN 07/04-S.428234 C:30657033770,9705.14,07-04,27146070.21 
07/04/2025,IMPUESTO CREDITO -LEY 25413,-58.23,07-04,27146011.98 
07/04/2025,RETENCION ARBA,-242.60,07-04,27145769.38 
07/04/2025,IMPUESTO DEBITO -LEY 25413,-1.46,07-04,27145767.92 
07/04/2025,BIP DB TR 07/04-C.000198963794 DES:0014-03-520805107474,-300000.00,07-04,26845767.92 
07/04/2025,IMPUESTO DEBITO -LEY 25413,-1800.00,07-04,26843967.92 
07/04/2025,COMISION TRANSFERENCIA/GIRO,-580.00,07-04,26843387.92 
07/04/2025,CR.DEBIN 07/04-S.358599 C:30657033770,34859.26,07-04,26878247.18 
07/04/2025,IMPUESTO CREDITO -LEY 25413,-209.16,07-04,26878038.02 
07/04/2025,RETENCION ARBA,-871.40,07-04,26877166.62 
07/04/2025,IMPUESTO DEBITO -LEY 25413,-5.23,07-04,26877161.39 
07/04/2025,CR.DEBIN 07/04-S.392315 C:30657033770,47733.42,07-04,26924894.81 
07/04/2025,IMPUESTO CREDITO -LEY 25413,-286.40,07-04,26924608.41 
07/04/2025,RETENCION ARBA,-1193.30,07-04,26923415.11 
07/04/2025,IMPUESTO DEBITO -LEY 25413,-7.16,07-04,26923407.95 
07/04/2025,CR.DEBIN 07/04-S.845882 C:30657033770,12676.10,07-04,26936084.05 
07/04/2025,IMPUESTO CREDITO -LEY 25413,-76.06,07-04,26936007.99 
07/04/2025,RETENCION ARBA,-316.90,07-04,26935691.09 
07/04/2025,IMPUESTO DEBITO -LEY 25413,-1.90,07-04,26935689.19 
07/04/2025,CR.DEBIN 07/04-S.849258 C:30657033770,6464.81,07-04,26942154.00 
07/04/2025,IMPUESTO CREDITO -LEY 25413,-38.79,07-04,26942115.21 
07/04/2025,RETENCION ARBA,-161.60,07-04,26941953.61 
07/04/2025,IMPUESTO DEBITO -LEY 25413,-0.97,07-04,26941952.64 
07/04/2025,CR.DEBIN 07/04-S.798513 C:30657033770,4208.86,07-04,26946161.50 
07/04/2025,IMPUESTO CREDITO -LEY 25413,-25.25,07-04,26946136.25 
07/04/2025,RETENCION ARBA,-105.20,07-04,26946031.05 
07/04/2025,IMPUESTO DEBITO -LEY 25413,-0.63,07-04,26946030.42 
07/04/2025,P.SERV 07/04-COM.515476 -ENTE950 -30657033770,-5189383.49,07-04,21756646.93 
07/04/2025,IMPUESTO DEBITO -LEY 25413,-31136.30,07-04,21725510.63 
07/04/2025,CR.DEBIN 07/04-S.884534 C:30657033770,16142.22,07-04,21741652.85 
07/04/2025,IMPUESTO CREDITO -LEY 25413,-96.85,07-04,21741556.00 
07/04/2025,RETENCION ARBA,-403.50,07-04,21741152.50 
07/04/2025,IMPUESTO DEBITO -LEY 25413,-2.42,07-04,21741150.08 
07/04/2025,PAGO LIQUIDACION VISA          1002 MEDIOS DE PAGO,-2845318.40,07-04,18895831.68 
07/04/2025,IMPUESTO DEBITO -LEY 25413     1002 MEDIOS DE PAGO,-17071.91,07-04,18878759.77 
07/04/2025,PAGO LIQUIDACION VISA          1002 MEDIOS DE PAGO,-328078.51,07-04,18550681.26 
07/04/2025,IMPUESTO DEBITO -LEY 25413     1002 MEDIOS DE PAGO,-1968.47,07-04,18548712.79 
07/04/2025,FEDERACION PATR RE.209544126 ID.1300296444000000050425,-9657.38,07-04,18539055.41 
07/04/2025,IMPUESTO DEBITO -LEY 25413     1989 DEBITO DIRECTO Y AUTOMATI,-57.94,07-04,18538997.47 
07/04/2025,COMISION DATANET,-251.67,07-04,18538745.80 
07/04/2025,IMPUESTO DEBITO -LEY 25413,-1.51,07-04,18538744.29 
08/04/2025,CR.DEBIN 07/04-S.500551 C:30657033770,19806.40,08-04,18558550.69 
08/04/2025,CR.DEBIN 07/04-S.551990 C:30657033770,17528.66,08-04,18576079.35 
08/04/2025,CR.DEBIN 07/04-S.248168 C:30657033770,14854.80,08-04,18590934.15 
08/04/2025,CR.DEBIN 07/04-S.309069 C:30657033770,10398.36,08-04,18601332.51 
08/04/2025,CR.DEBIN 07/04-S.248169 C:30657033770,2574.83,08-04,18603907.34 
08/04/2025,CHEQUE DE CAMARA 009687400,-453664.94,08-04,18150242.40 
08/04/2025,IMPUESTO DEBITO -LEY 25413     1950 COMPENSACION DE VALORES,-2721.99,08-04,18147520.41 
08/04/2025,CHEQUE DE CAMARA 009687402,-1379320.87,08-04,16768199.54 
08/04/2025,IMPUESTO DEBITO -LEY 25413     1950 COMPENSACION DE VALORES,-8275.93,08-04,16759923.61 
08/04/2025,CHEQUE DE CAMARA 009687403,-339358.54,08-04,16420565.07 
08/04/2025,IMPUESTO DEBITO -LEY 25413     1950 COMPENSACION DE VALORES,-2036.15,08-04,16418528.92 
08/04/2025,PAGOS A COMERCIOS VISA - L. 0000228461 - C. 00003907330,1273637.80,08-04,17692166.72 
08/04/2025,IMPUESTO CREDITO -LEY 25413    1002 MEDIOS DE PAGO,-7641.83,08-04,17684524.89 
08/04/2025,RETENCION ARBA                 1002 MEDIOS DE PAGO,-31840.90,08-04,17652683.99 
08/04/2025,IMPUESTO DEBITO -LEY 25413     1002 MEDIOS DE PAGO,-191.05,08-04,17652492.94 
08/04/2025,PAGOS A COMERCIOS VISA - L. 0000228577 - C. 00003907330,1059432.67,08-04,18711925.61 
08/04/2025,IMPUESTO CREDITO -LEY 25413    1002 MEDIOS DE PAGO,-6356.60,08-04,18705569.01 
08/04/2025,RETENCION ARBA                 1002 MEDIOS DE PAGO,-26485.80,08-04,18679083.21 
08/04/2025,IMPUESTO DEBITO -LEY 25413     1002 MEDIOS DE PAGO,-158.91,08-04,18678924.30 
08/04/2025,PAGOS A COMERCIOS MASTERCARD - L. 0000228518 - C. 00003907330,220204.71,08-04,18899129.01 
08/04/2025,IMPUESTO CREDITO -LEY 25413    1002 MEDIOS DE PAGO,-1321.23,08-04,18897807.78 
08/04/2025,RETENCION ARBA                 1002 MEDIOS DE PAGO,-5505.10,08-04,18892302.68 
08/04/2025,IMPUESTO DEBITO -LEY 25413     1002 MEDIOS DE PAGO,-33.03,08-04,18892269.65 
08/04/2025,PAGOS A COMERCIOS MASTERCARD - L. 0000228425 - C. 00003907330,53125.02,08-04,18945394.67 
08/04/2025,IMPUESTO CREDITO -LEY 25413    1002 MEDIOS DE PAGO,-318.75,08-04,18945075.92 
08/04/2025,RETENCION ARBA                 1002 MEDIOS DE PAGO,-1328.10,08-04,18943747.82 
08/04/2025,IMPUESTO DEBITO -LEY 25413     1002 MEDIOS DE PAGO,-7.97,08-04,18943739.85 
08/04/2025,CR.DEBIN 08/04-S.092548 C:30657033770,13864.48,08-04,18957604.33 
08/04/2025,IMPUESTO CREDITO -LEY 25413,-83.19,08-04,18957521.14 
08/04/2025,RETENCION ARBA,-346.60,08-04,18957174.54 
08/04/2025,IMPUESTO DEBITO -LEY 25413,-2.08,08-04,18957172.46 
08/04/2025,CR.TRAN. 30624944255ETESORERIA GENERAL PCIA BS 00D00,929832.80,08-04,19887005.26 
08/04/2025,IMPUESTO CREDITO -LEY 25413    2000 REGION Y CASA MATRIZ LA P,-5579.00,08-04,19881426.26 
08/04/2025,RETENCION ARBA                 2000 REGION Y CASA MATRIZ LA P,-23245.80,08-04,19858180.46 
08/04/2025,IMPUESTO DEBITO -LEY 25413     2000 REGION Y CASA MATRIZ LA P,-139.47,08-04,19858040.99 
08/04/2025,CR.DEBIN 08/04-S.260919 C:30657033770,15052.86,08-04,19873093.85 
08/04/2025,IMPUESTO CREDITO -LEY 25413,-90.32,08-04,19873003.53 
08/04/2025,RETENCION ARBA,-376.30,08-04,19872627.23 
08/04/2025,IMPUESTO DEBITO -LEY 25413,-2.26,08-04,19872624.97 
08/04/2025,CR.DEBIN 08/04-S.135474 C:30657033770,3614.67,08-04,19876239.64 
08/04/2025,IMPUESTO CREDITO -LEY 25413,-21.69,08-04,19876217.95 
08/04/2025,RETENCION ARBA,-90.30,08-04,19876127.65 
08/04/2025,IMPUESTO DEBITO -LEY 25413,-0.54,08-04,19876127.11 
08/04/2025,CR.DEBIN 08/04-S.057464 C:30657033770,26738.64,08-04,19902865.75 
08/04/2025,IMPUESTO CREDITO -LEY 25413,-160.43,08-04,19902705.32 
08/04/2025,RETENCION ARBA,-668.40,08-04,19902036.92 
08/04/2025,IMPUESTO DEBITO -LEY 25413,-4.01,08-04,19902032.91 
08/04/2025,CR.DEBIN 08/04-S.641821 C:30657033770,21787.04,08-04,19923819.95 
08/04/2025,IMPUESTO CREDITO -LEY 25413,-130.72,08-04,19923689.23 
08/04/2025,RETENCION ARBA,-544.60,08-04,19923144.63 
08/04/2025,IMPUESTO DEBITO -LEY 25413,-3.27,08-04,19923141.36 
08/04/2025,CR.DEBIN 08/04-S.966014 C:30657033770,67242.73,08-04,19990384.09 
08/04/2025,IMPUESTO CREDITO -LEY 25413,-403.46,08-04,19989980.63 
08/04/2025,RETENCION ARBA,-1681.00,08-04,19988299.63 
08/04/2025,IMPUESTO DEBITO -LEY 25413,-10.09,08-04,19988289.54 
08/04/2025,CR.DEBIN 08/04-S.060928 C:30657033770,10101.26,08-04,19998390.80 
08/04/2025,IMPUESTO CREDITO -LEY 25413,-60.61,08-04,19998330.19 
08/04/2025,RETENCION ARBA,-252.50,08-04,19998077.69 
08/04/2025,IMPUESTO DEBITO -LEY 25413,-1.52,08-04,19998076.17 
08/04/2025,CR.DEBIN 08/04-S.273449 C:30657033770,13369.32,08-04,20011445.49 
08/04/2025,IMPUESTO CREDITO -LEY 25413,-80.22,08-04,20011365.27 
08/04/2025,RETENCION ARBA,-334.20,08-04,20011031.07 
08/04/2025,IMPUESTO DEBITO -LEY 25413,-2.01,08-04,20011029.06 
08/04/2025,CR.TRAN. 30624944255ETESORERIA GENERAL PCIA BS 00D00,2495276.49,08-04,22506305.55 
08/04/2025,IMPUESTO CREDITO -LEY 25413    2000 REGION Y CASA MATRIZ LA P,-14971.66,08-04,22491333.89 
08/04/2025,RETENCION ARBA                 2000 REGION Y CASA MATRIZ LA P,-62381.90,08-04,22428951.99 
08/04/2025,IMPUESTO DEBITO -LEY 25413     2000 REGION Y CASA MATRIZ LA P,-374.29,08-04,22428577.70 
08/04/2025,CR.TRAN. 30624944255ETESORERIA GENERAL PCIA BS 00D00,223204.20,08-04,22651781.90 
08/04/2025,IMPUESTO CREDITO -LEY 25413    2000 REGION Y CASA MATRIZ LA P,-1339.23,08-04,22650442.67 
08/04/2025,RETENCION ARBA                 2000 REGION Y CASA MATRIZ LA P,-5580.10,08-04,22644862.57 
08/04/2025,IMPUESTO DEBITO -LEY 25413     2000 REGION Y CASA MATRIZ LA P,-33.48,08-04,22644829.09 
08/04/2025,CR.TRAN. 30624944255ETESORERIA GENERAL PCIA BS 00D00,921761.59,08-04,23566590.68 
08/04/2025,IMPUESTO CREDITO -LEY 25413    2000 REGION Y CASA MATRIZ LA P,-5530.57,08-04,23561060.11 
08/04/2025,RETENCION ARBA                 2000 REGION Y CASA MATRIZ LA P,-23044.00,08-04,23538016.11 
08/04/2025,IMPUESTO DEBITO -LEY 25413     2000 REGION Y CASA MATRIZ LA P,-138.26,08-04,23537877.85 
08/04/2025,CR.TRAN. 30624944255ETESORERIA GENERAL PCIA BS 00D00,1249040.21,08-04,24786918.06 
08/04/2025,IMPUESTO CREDITO -LEY 25413    2000 REGION Y CASA MATRIZ LA P,-7494.24,08-04,24779423.82 
08/04/2025,RETENCION ARBA                 2000 REGION Y CASA MATRIZ LA P,-31226.00,08-04,24748197.82 
08/04/2025,IMPUESTO DEBITO -LEY 25413     2000 REGION Y CASA MATRIZ LA P,-187.36,08-04,24748010.46 
08/04/2025,CR.DEBIN 08/04-S.358234 C:30657033770,17924.79,08-04,24765935.25 
08/04/2025,IMPUESTO CREDITO -LEY 25413,-107.55,08-04,24765827.70 
08/04/2025,RETENCION ARBA,-448.10,08-04,24765379.60 
08/04/2025,IMPUESTO DEBITO -LEY 25413,-2.69,08-04,24765376.91 
08/04/2025,BIP DB TR 08/04-C.000640445131 DES:0014-03-501505489938,-650000.00,08-04,24115376.91 
08/04/2025,IMPUESTO DEBITO -LEY 25413,-3900.00,08-04,24111476.91 
08/04/2025,COMISION TRANSFERENCIA/GIRO,-3350.00,08-04,24108126.91 
08/04/2025,CR.DEBIN 08/04-S.300741 C:30657033770,2475.80,08-04,24110602.71 
08/04/2025,IMPUESTO CREDITO -LEY 25413,-14.85,08-04,24110587.86 
08/04/2025,RETENCION ARBA,-61.80,08-04,24110526.06 
08/04/2025,IMPUESTO DEBITO -LEY 25413,-0.37,08-04,24110525.69 
08/04/2025,BIP DB.TR.08/04-C.740775 D:30711485909 N:ASOC PAD PS DO,-2631000.00,08-04,21479525.69 
08/04/2025,IMPUESTO DEBITO -LEY 25413,-15786.00,08-04,21463739.69 
08/04/2025,COMISION TRANSFERENCIA/GIRO,-3350.00,08-04,21460389.69 
08/04/2025,CR.DEBIN 08/04-S.703700 C:30657033770,6932.24,08-04,21467321.93 
08/04/2025,IMPUESTO CREDITO -LEY 25413,-41.59,08-04,21467280.34 
08/04/2025,RETENCION ARBA,-173.30,08-04,21467107.04 
08/04/2025,IMPUESTO DEBITO -LEY 25413,-1.04,08-04,21467106.00 
08/04/2025,CR.DEBIN 08/04-S.014059 C:30657033770,37533.13,08-04,21504639.13 
08/04/2025,IMPUESTO CREDITO -LEY 25413,-225.20,08-04,21504413.93 
08/04/2025,RETENCION ARBA,-938.30,08-04,21503475.63 
08/04/2025,IMPUESTO DEBITO -LEY 25413,-5.63,08-04,21503470.00 
08/04/2025,CR.DEBIN 08/04-S.322649 C:30657033770,30204.76,08-04,21533674.76 
08/04/2025,IMPUESTO CREDITO -LEY 25413,-181.23,08-04,21533493.53 
08/04/2025,RETENCION ARBA,-755.10,08-04,21532738.43 
08/04/2025,IMPUESTO DEBITO -LEY 25413,-4.53,08-04,21532733.90 
08/04/2025,BIP DB TR 08/04-C.000215662364 DES:0014-03-657205191696,-853289.00,08-04,20679444.90 
08/04/2025,IMPUESTO DEBITO -LEY 25413,-5119.73,08-04,20674325.17 
08/04/2025,COMISION TRANSFERENCIA/GIRO,-3350.00,08-04,20670975.17 
08/04/2025,DEVOLUCION PAGO CH/OE,1379320.87,08-04,22050296.04 
08/04/2025,REVERSA RETENCION ARBA,62381.90,08-04,22112677.94 
08/04/2025,REVERSA RETENCION ARBA,31226.00,08-04,22143903.94 
08/04/2025,REVERSA RETENCION ARBA,23245.80,08-04,22167149.74 
08/04/2025,REVERSA RETENCION ARBA,23044.00,08-04,22190193.74 
08/04/2025,REV. IMP.DEBITO.-LEY 25413,8275.93,08-04,22198469.67 
08/04/2025,REVERSA RETENCION ARBA,5580.10,08-04,22204049.77 
08/04/2025,REV. IMP.DEBITO.-LEY 25413,374.29,08-04,22204424.06 
08/04/2025,REV. IMP.DEBITO.-LEY 25413,187.36,08-04,22204611.42 
08/04/2025,REV. IMP.DEBITO.-LEY 25413,139.47,08-04,22204750.89 
08/04/2025,REV. IMP.DEBITO.-LEY 25413,138.26,08-04,22204889.15 
08/04/2025,REV. IMP.DEBITO.-LEY 25413,33.48,08-04,22204922.63 
08/04/2025,COMISION DATANET,-464.91,08-04,22204457.72 
08/04/2025,IMPUESTO DEBITO -LEY 25413,-2.79,08-04,22204454.93 
08/04/2025,COMISION DATANET,-2444.63,08-04,22202010.30 
08/04/2025,IMPUESTO DEBITO -LEY 25413,-14.67,08-04,22201995.63 
09/04/2025,CRED.TRF.08/04-C.421440 D:27229911118 N:SMITH CASTELLI,,2600000.00,09-04,24801995.63 
09/04/2025,IMPUESTO CREDITO -LEY 25413,-15600.00,09-04,24786395.63 
09/04/2025,RETENCION ARBA,-65000.00,09-04,24721395.63 
09/04/2025,IMPUESTO DEBITO -LEY 25413,-390.00,09-04,24721005.63 
09/04/2025,CRED.TRF.08/04-C.420997 D:27229911118 N:SMITH CASTELLI,,40000.00,09-04,24761005.63 
09/04/2025,IMPUESTO CREDITO -LEY 25413,-240.00,09-04,24760765.63 
09/04/2025,RETENCION ARBA,-1000.00,09-04,24759765.63 
09/04/2025,IMPUESTO DEBITO -LEY 25413,-6.00,09-04,24759759.63 
09/04/2025,CR.DEBIN 08/04-S.948890 C:30657033770,26025.61,09-04,24785785.24 
09/04/2025,CR.DEBIN 08/04-S.316809 C:30657033770,24758.00,09-04,24810543.24 
09/04/2025,CR.DEBIN 08/04-S.796867 C:30657033770,16142.22,09-04,24826685.46 
09/04/2025,CR.DEBIN 08/04-S.719065 C:30657033770,14062.54,09-04,24840748.00 
09/04/2025,CR.DEBIN 08/04-S.717805 C:30657033770,6789.63,09-04,24847537.63 
09/04/2025,CR.DEBIN 08/04-S.120175 C:30657033770,4654.50,09-04,24852192.13 
09/04/2025,CR.DEBIN 08/04-S.145774 C:30657033770,2475.80,09-04,24854667.93 
09/04/2025,BIP DB.TR.08/04-C.734443 D:30711485909 N:ASOC PAD PS DO,-840000.00,09-04,24014667.93 
09/04/2025,IMPUESTO DEBITO -LEY 25413,-5040.00,09-04,24009627.93 
09/04/2025,COMISION TRANSFERENCIA/GIRO,-3350.00,09-04,24006277.93 
09/04/2025,IMPUESTO DEBITO -LEY 25413,-20.10,09-04,24006257.83 
09/04/2025,CHEQUE DE CAMARA 009687417,-1000000.00,09-04,23006257.83 
09/04/2025,IMPUESTO DEBITO -LEY 25413     1950 COMPENSACION DE VALORES,-6000.00,09-04,23000257.83 
09/04/2025,CR.TRAN. 33593283319 CORREGIDOR SA,1005774.00,09-04,24006031.83 
09/04/2025,IMPUESTO CREDITO -LEY 25413    0001,-6034.64,09-04,23999997.19 
09/04/2025,RETENCION ARBA                 0001,-25144.30,09-04,23974852.89 
09/04/2025,IMPUESTO DEBITO -LEY 25413     0001,-150.87,09-04,23974702.02 
09/04/2025,PAGOS A COMERCIOS VISA - L. 0000228671 - C. 00003907330,586099.80,09-04,24560801.82 
09/04/2025,IMPUESTO CREDITO -LEY 25413    1002 MEDIOS DE PAGO,-3516.60,09-04,24557285.22 
09/04/2025,RETENCION ARBA                 1002 MEDIOS DE PAGO,-14652.40,09-04,24542632.82 
09/04/2025,IMPUESTO DEBITO -LEY 25413     1002 MEDIOS DE PAGO,-87.91,09-04,24542544.91 
09/04/2025,PAGOS A COMERCIOS VISA - L. 0000228781 - C. 00003907330,521297.05,09-04,25063841.96 
09/04/2025,IMPUESTO CREDITO -LEY 25413    1002 MEDIOS DE PAGO,-3127.78,09-04,25060714.18 
09/04/2025,RETENCION ARBA                 1002 MEDIOS DE PAGO,-13032.40,09-04,25047681.78 
09/04/2025,IMPUESTO DEBITO -LEY 25413     1002 MEDIOS DE PAGO,-78.19,09-04,25047603.59 
09/04/2025,PAGOS A COMERCIOS MASTERCARD - L. 0000228637 - C. 00003907330,58025.14,09-04,25105628.73 
09/04/2025,IMPUESTO CREDITO -LEY 25413    1002 MEDIOS DE PAGO,-348.15,09-04,25105280.58 
09/04/2025,RETENCION ARBA                 1002 MEDIOS DE PAGO,-1450.60,09-04,25103829.98 
09/04/2025,IMPUESTO DEBITO -LEY 25413     1002 MEDIOS DE PAGO,-8.70,09-04,25103821.28 
09/04/2025,PAGOS A COMERCIOS MASTERCARD - L. 0000228723 - C. 00003907330,52131.78,09-04,25155953.06 
09/04/2025,IMPUESTO CREDITO -LEY 25413    1002 MEDIOS DE PAGO,-312.79,09-04,25155640.27 
09/04/2025,RETENCION ARBA                 1002 MEDIOS DE PAGO,-1303.20,09-04,25154337.07 
09/04/2025,IMPUESTO DEBITO -LEY 25413     1002 MEDIOS DE PAGO,-7.82,09-04,25154329.25 
09/04/2025,CARGO A COMERCIOS MASTERCARD - L. 0000228541 - C. 00003907330,-2536.40,09-04,25151792.85 
09/04/2025,CR.DEBIN 09/04-S.500113 C:30657033770,9507.07,09-04,25161299.92 
09/04/2025,IMPUESTO CREDITO -LEY 25413,-57.04,09-04,25161242.88 
09/04/2025,RETENCION ARBA,-237.60,09-04,25161005.28 
09/04/2025,IMPUESTO DEBITO -LEY 25413,-1.43,09-04,25161003.85 
09/04/2025,CR.DEBIN 09/04-S.059992 C:30657033770,7922.56,09-04,25168926.41 
09/04/2025,IMPUESTO CREDITO -LEY 25413,-47.54,09-04,25168878.87 
09/04/2025,RETENCION ARBA,-198.00,09-04,25168680.87 
09/04/2025,IMPUESTO DEBITO -LEY 25413,-1.19,09-04,25168679.68 
09/04/2025,CR.DEBIN 09/04-S.487852 C:30657033770,17825.76,09-04,25186505.44 
09/04/2025,IMPUESTO CREDITO -LEY 25413,-106.95,09-04,25186398.49 
09/04/2025,RETENCION ARBA,-445.60,09-04,25185952.89 
09/04/2025,IMPUESTO DEBITO -LEY 25413,-2.67,09-04,25185950.22 
09/04/2025,CR.DEBIN 09/04-S.326954 C:30657033770,17825.76,09-04,25203775.98 
09/04/2025,IMPUESTO CREDITO -LEY 25413,-106.95,09-04,25203669.03 
09/04/2025,RETENCION ARBA,-445.60,09-04,25203223.43 
09/04/2025,IMPUESTO DEBITO -LEY 25413,-2.67,09-04,25203220.76 
09/04/2025,CR.DEBIN 09/04-S.414625 C:30657033770,8912.88,09-04,25212133.64 
09/04/2025,IMPUESTO CREDITO -LEY 25413,-53.48,09-04,25212080.16 
09/04/2025,RETENCION ARBA,-222.80,09-04,25211857.36 
09/04/2025,IMPUESTO DEBITO -LEY 25413,-1.34,09-04,25211856.02 
09/04/2025,CR.DEBIN 09/04-S.770138 C:30657033770,2970.96,09-04,25214826.98 
09/04/2025,IMPUESTO CREDITO -LEY 25413,-17.83,09-04,25214809.15 
09/04/2025,RETENCION ARBA,-74.20,09-04,25214734.95 
09/04/2025,IMPUESTO DEBITO -LEY 25413,-0.45,09-04,25214734.50 
09/04/2025,CR.DEBIN 09/04-S.508757 C:30657033770,2970.96,09-04,25217705.46 
09/04/2025,IMPUESTO CREDITO -LEY 25413,-17.83,09-04,25217687.63 
09/04/2025,RETENCION ARBA,-74.20,09-04,25217613.43 
09/04/2025,IMPUESTO DEBITO -LEY 25413,-0.45,09-04,25217612.98 
09/04/2025,CR.TRAN. 30715803891 RAPPI ARG SAS,38955.94,09-04,25256568.92 
09/04/2025,IMPUESTO CREDITO -LEY 25413    0814,-233.74,09-04,25256335.18 
09/04/2025,RETENCION ARBA                 0814,-973.80,09-04,25255361.38 
09/04/2025,IMPUESTO DEBITO -LEY 25413     0814,-5.84,09-04,25255355.54 
09/04/2025,CR.DEBIN 09/04-S.781363 C:30657033770,7922.56,09-04,25263278.10 
09/04/2025,IMPUESTO CREDITO -LEY 25413,-47.54,09-04,25263230.56 
09/04/2025,RETENCION ARBA,-198.00,09-04,25263032.56 
09/04/2025,IMPUESTO DEBITO -LEY 25413,-1.19,09-04,25263031.37 
09/04/2025,CR.DEBIN 09/04-S.105288 C:30657033770,8912.88,09-04,25271944.25 
09/04/2025,IMPUESTO CREDITO -LEY 25413,-53.48,09-04,25271890.77 
09/04/2025,RETENCION ARBA,-222.80,09-04,25271667.97 
09/04/2025,IMPUESTO DEBITO -LEY 25413,-1.34,09-04,25271666.63 
09/04/2025,CRED.TRF.09/04-C.747286 D:30520912963 N:TAIUTI CONSTRUC,1651650.00,09-04,26923316.63 
09/04/2025,IMPUESTO CREDITO -LEY 25413,-9909.90,09-04,26913406.73 
09/04/2025,RETENCION ARBA,-41291.20,09-04,26872115.53 
09/04/2025,IMPUESTO DEBITO -LEY 25413,-247.75,09-04,26871867.78 
09/04/2025,CRED.TRF.09/04-C.873833 D:30520912963 N:TAIUTI CONSTRUC,2896998.94,09-04,29768866.72 
09/04/2025,IMPUESTO CREDITO -LEY 25413,-17381.99,09-04,29751484.73 
09/04/2025,RETENCION ARBA,-72424.90,09-04,29679059.83 
09/04/2025,IMPUESTO DEBITO -LEY 25413,-434.55,09-04,29678625.28 
09/04/2025,CR.DEBIN 09/04-S.615223 C:30657033770,14755.77,09-04,29693381.05 
09/04/2025,IMPUESTO CREDITO -LEY 25413,-88.53,09-04,29693292.52 
09/04/2025,RETENCION ARBA,-368.80,09-04,29692923.72 
09/04/2025,IMPUESTO DEBITO -LEY 25413,-2.21,09-04,29692921.51 
09/04/2025,CR.DEBIN 09/04-S.800694 C:30657033770,3367.09,09-04,29696288.60 
09/04/2025,IMPUESTO CREDITO -LEY 25413,-20.20,09-04,29696268.40 
09/04/2025,RETENCION ARBA,-84.10,09-04,29696184.30 
09/04/2025,IMPUESTO DEBITO -LEY 25413,-0.50,09-04,29696183.80 
09/04/2025,CR.DEBIN 09/04-S.140876 C:30657033770,7031.27,09-04,29703215.07 
09/04/2025,IMPUESTO CREDITO -LEY 25413,-42.19,09-04,29703172.88 
09/04/2025,RETENCION ARBA,-175.70,09-04,29702997.18 
09/04/2025,IMPUESTO DEBITO -LEY 25413,-1.05,09-04,29702996.13 
09/04/2025,CR.TRAN. 30550857061CCOLEG FARMACEUTICOS PCIA BS A 00A04,67500.00,09-04,29770496.13 
09/04/2025,IMPUESTO CREDITO -LEY 25413    2000 REGION Y CASA MATRIZ LA P,-405.00,09-04,29770091.13 
09/04/2025,RETENCION ARBA                 2000 REGION Y CASA MATRIZ LA P,-1687.50,09-04,29768403.63 
09/04/2025,IMPUESTO DEBITO -LEY 25413     2000 REGION Y CASA MATRIZ LA P,-10.13,09-04,29768393.50 
09/04/2025,CR.TRAN. 30550857061CCOLEG FARMACEUTICOS PCIA BS A 00A04,100541.40,09-04,29868934.90 
09/04/2025,IMPUESTO CREDITO -LEY 25413    2000 REGION Y CASA MATRIZ LA P,-603.25,09-04,29868331.65 
09/04/2025,RETENCION ARBA                 2000 REGION Y CASA MATRIZ LA P,-2513.50,09-04,29865818.15 
09/04/2025,IMPUESTO DEBITO -LEY 25413     2000 REGION Y CASA MATRIZ LA P,-15.08,09-04,29865803.07 
09/04/2025,CR.DEBIN 09/04-S.150514 C:30657033770,33670.88,09-04,29899473.95 
09/04/2025,IMPUESTO CREDITO -LEY 25413,-202.03,09-04,29899271.92 
09/04/2025,RETENCION ARBA,-841.70,09-04,29898430.22 
09/04/2025,IMPUESTO DEBITO -LEY 25413,-5.05,09-04,29898425.17 
09/04/2025,CR.DEBIN 09/04-S.129649 C:30657033770,7427.40,09-04,29905852.57 
09/04/2025,IMPUESTO CREDITO -LEY 25413,-44.56,09-04,29905808.01 
09/04/2025,RETENCION ARBA,-185.60,09-04,29905622.41 
09/04/2025,IMPUESTO DEBITO -LEY 25413,-1.11,09-04,29905621.30 
09/04/2025,CR.DEBIN 09/04-S.557577 C:30657033770,8912.88,09-04,29914534.18 
09/04/2025,IMPUESTO CREDITO -LEY 25413,-53.48,09-04,29914480.70 
09/04/2025,RETENCION ARBA,-222.80,09-04,29914257.90 
09/04/2025,IMPUESTO DEBITO -LEY 25413,-1.34,09-04,29914256.56 
09/04/2025,CR.DEBIN 09/04-S.163582 C:30657033770,4753.54,09-04,29919010.10 
09/04/2025,IMPUESTO CREDITO -LEY 25413,-28.52,09-04,29918981.58 
09/04/2025,RETENCION ARBA,-118.80,09-04,29918862.78 
09/04/2025,IMPUESTO DEBITO -LEY 25413,-0.71,09-04,29918862.07 
09/04/2025,CR.DEBIN 09/04-S.573495 C:30657033770,12874.16,09-04,29931736.23 
09/04/2025,IMPUESTO CREDITO -LEY 25413,-77.24,09-04,29931658.99 
09/04/2025,RETENCION ARBA,-321.80,09-04,29931337.19 
09/04/2025,IMPUESTO DEBITO -LEY 25413,-1.93,09-04,29931335.26 
09/04/2025,BIP DB TR 09/04-C.000479702651 DES:0014-03-717005094380,-300000.00,09-04,29631335.26 
09/04/2025,IMPUESTO DEBITO -LEY 25413,-1800.00,09-04,29629535.26 
09/04/2025,COMISION TRANSFERENCIA/GIRO,-580.00,09-04,29628955.26 
09/04/2025,DB.DEBIN 09/04-S.062715 C:20249532607,-271500.00,09-04,29357455.26 
09/04/2025,IMPUESTO DEBITO -LEY 25413,-1629.00,09-04,29355826.26 
09/04/2025,CR.DEBIN 09/04-S.681008 C:30657033770,14854.80,09-04,29370681.06 
09/04/2025,IMPUESTO CREDITO -LEY 25413,-89.13,09-04,29370591.93 
09/04/2025,RETENCION ARBA,-371.30,09-04,29370220.63 
09/04/2025,IMPUESTO DEBITO -LEY 25413,-2.23,09-04,29370218.40 
09/04/2025,CR.DEBIN 09/04-S.180748 C:30657033770,19014.14,09-04,29389232.54 
09/04/2025,IMPUESTO CREDITO -LEY 25413,-114.08,09-04,29389118.46 
09/04/2025,RETENCION ARBA,-475.30,09-04,29388643.16 
09/04/2025,IMPUESTO DEBITO -LEY 25413,-2.85,09-04,29388640.31 
09/04/2025,CR.DEBIN 09/04-S.682165 C:30657033770,4753.54,09-04,29393393.85 
09/04/2025,IMPUESTO CREDITO -LEY 25413,-28.52,09-04,29393365.33 
09/04/2025,RETENCION ARBA,-118.80,09-04,29393246.53 
09/04/2025,IMPUESTO DEBITO -LEY 25413,-0.71,09-04,29393245.82 
09/04/2025,CR.DEBIN 09/04-S.682496 C:30657033770,5941.92,09-04,29399187.74 
09/04/2025,IMPUESTO CREDITO -LEY 25413,-35.65,09-04,29399152.09 
09/04/2025,RETENCION ARBA,-148.50,09-04,29399003.59 
09/04/2025,IMPUESTO DEBITO -LEY 25413,-0.89,09-04,29399002.70 
09/04/2025,BIP DB TR 09/04-C.000136162403 DES:0014-03-657205203570,-900000.00,09-04,28499002.70 
09/04/2025,IMPUESTO DEBITO -LEY 25413,-5400.00,09-04,28493602.70 
09/04/2025,COMISION TRANSFERENCIA/GIRO,-3350.00,09-04,28490252.70 
09/04/2025,COMISION DATANET,-19.47,09-04,28490233.23 
09/04/2025,IMPUESTO DEBITO -LEY 25413,-0.12,09-04,28490233.11 
09/04/2025,COMISION DATANET,-84.02,09-04,28490149.09 
09/04/2025,IMPUESTO DEBITO -LEY 25413,-0.50,09-04,28490148.59 
09/04/2025,COMISION DATANET,-502.88,09-04,28489645.71 
09/04/2025,IMPUESTO DEBITO -LEY 25413,-3.02,09-04,28489642.69 
10/04/2025,CR.DEBIN 09/04-S.913888 C:30657033770,22975.42,10-04,28512618.11 
10/04/2025,CR.DEBIN 09/04-S.785164 C:30657033770,19806.40,10-04,28532424.51 
10/04/2025,CR.DEBIN 09/04-S.526353 C:30657033770,16686.89,10-04,28549111.40 
10/04/2025,CR.DEBIN 09/04-S.879613 C:30657033770,12676.10,10-04,28561787.50 
10/04/2025,CR.DEBIN 09/04-S.629367 C:30657033770,5842.89,10-04,28567630.39 
10/04/2025,CR.DEBIN 09/04-S.527840 C:30657033770,4753.54,10-04,28572383.93 
10/04/2025,CHEQUE DE CAMARA 006740382,-285277.00,10-04,28287106.93 
10/04/2025,IMPUESTO DEBITO -LEY 25413     1950 COMPENSACION DE VALORES,-1711.66,10-04,28285395.27 
10/04/2025,CHEQUE DE CAMARA 009687416,-1599701.38,10-04,26685693.89 
10/04/2025,IMPUESTO DEBITO -LEY 25413     1950 COMPENSACION DE VALORES,-9598.21,10-04,26676095.68 
10/04/2025,CR.DEBIN 10/04-S.072744 C:30657033770,37731.19,10-04,26713826.87 
10/04/2025,IMPUESTO CREDITO -LEY 25413,-226.39,10-04,26713600.48 
10/04/2025,RETENCION ARBA,-943.20,10-04,26712657.28 
10/04/2025,IMPUESTO DEBITO -LEY 25413,-5.66,10-04,26712651.62 
10/04/2025,CR.DEBIN 10/04-S.073061 C:30657033770,4753.54,10-04,26717405.16 
10/04/2025,IMPUESTO CREDITO -LEY 25413,-28.52,10-04,26717376.64 
10/04/2025,RETENCION ARBA,-118.80,10-04,26717257.84 
10/04/2025,IMPUESTO DEBITO -LEY 25413,-0.71,10-04,26717257.13 
10/04/2025,BIP CR TR 10/04-C.000104958633 ORI:0014-03-200006877028,464000.00,10-04,27181257.13 
10/04/2025,IMPUESTO CREDITO -LEY 25413    2000 REGION Y CASA MATRIZ LA P,-2784.00,10-04,27178473.13 
10/04/2025,RETENCION ARBA                 2000 REGION Y CASA MATRIZ LA P,-11600.00,10-04,27166873.13 
10/04/2025,IMPUESTO DEBITO -LEY 25413     2000 REGION Y CASA MATRIZ LA P,-69.60,10-04,27166803.53 
10/04/2025,CR.DEBIN 10/04-S.081998 C:30657033770,28224.12,10-04,27195027.65 
10/04/2025,IMPUESTO CREDITO -LEY 25413,-169.34,10-04,27194858.31 
10/04/2025,RETENCION ARBA,-705.60,10-04,27194152.71 
10/04/2025,IMPUESTO DEBITO -LEY 25413,-4.23,10-04,27194148.48 
10/04/2025,PAGOS A COMERCIOS VISA - L. 0000228866 - C. 00003907330,632103.36,10-04,27826251.84 
10/04/2025,IMPUESTO CREDITO -LEY 25413    1002 MEDIOS DE PAGO,-3792.62,10-04,27822459.22 
10/04/2025,RETENCION ARBA                 1002 MEDIOS DE PAGO,-15802.50,10-04,27806656.72 
10/04/2025,IMPUESTO DEBITO -LEY 25413     1002 MEDIOS DE PAGO,-94.82,10-04,27806561.90 
10/04/2025,PAGOS A COMERCIOS MASTERCARD - L. 0000228832 - C. 00003907330,57279.93,10-04,27863841.83 
10/04/2025,IMPUESTO CREDITO -LEY 25413    1002 MEDIOS DE PAGO,-343.68,10-04,27863498.15 
10/04/2025,RETENCION ARBA                 1002 MEDIOS DE PAGO,-1431.90,10-04,27862066.25 
10/04/2025,IMPUESTO DEBITO -LEY 25413     1002 MEDIOS DE PAGO,-8.59,10-04,27862057.66 
10/04/2025,CR.DEBIN 10/04-S.918141 C:30657033770,11646.16,10-04,27873703.82 
10/04/2025,IMPUESTO CREDITO -LEY 25413,-69.88,10-04,27873633.94 
10/04/2025,RETENCION ARBA,-291.10,10-04,27873342.84 
10/04/2025,IMPUESTO DEBITO -LEY 25413,-1.75,10-04,27873341.09 
10/04/2025,CR.DEBIN 10/04-S.545152 C:30657033770,2525.32,10-04,27875866.41 
10/04/2025,IMPUESTO CREDITO -LEY 25413,-15.15,10-04,27875851.26 
10/04/2025,RETENCION ARBA,-63.10,10-04,27875788.16 
10/04/2025,IMPUESTO DEBITO -LEY 25413,-0.38,10-04,27875787.78 
10/04/2025,BIP DB TR 10/04-C.000301592928 DES:0014-03-657205203570,-1000000.00,10-04,26875787.78 
10/04/2025,IMPUESTO DEBITO -LEY 25413,-6000.00,10-04,26869787.78 
10/04/2025,COMISION TRANSFERENCIA/GIRO,-3350.00,10-04,26866437.78 
10/04/2025,BIP DB.TR.10/04-C.824102 D:30711485909 N:ASOC PAD PS DO,-880000.00,10-04,25986437.78 
10/04/2025,IMPUESTO DEBITO -LEY 25413,-5280.00,10-04,25981157.78 
10/04/2025,COMISION TRANSFERENCIA/GIRO,-3350.00,10-04,25977807.78 
10/04/2025,CR.DEBIN 10/04-S.248159 C:30657033770,16043.18,10-04,25993850.96 
10/04/2025,IMPUESTO CREDITO -LEY 25413,-96.26,10-04,25993754.70 
10/04/2025,RETENCION ARBA,-401.00,10-04,25993353.70 
10/04/2025,IMPUESTO DEBITO -LEY 25413,-2.41,10-04,25993351.29 
10/04/2025,CR.DEBIN 10/04-S.351115 C:30657033770,4753.54,10-04,25998104.83 
10/04/2025,IMPUESTO CREDITO -LEY 25413,-28.52,10-04,25998076.31 
10/04/2025,RETENCION ARBA,-118.80,10-04,25997957.51 
10/04/2025,IMPUESTO DEBITO -LEY 25413,-0.71,10-04,25997956.80 
10/04/2025,CR.DEBIN 10/04-S.099771 C:30657033770,19410.27,10-04,26017367.07 
10/04/2025,IMPUESTO CREDITO -LEY 25413,-116.46,10-04,26017250.61 
10/04/2025,RETENCION ARBA,-485.20,10-04,26016765.41 
10/04/2025,IMPUESTO DEBITO -LEY 25413,-2.91,10-04,26016762.50 
10/04/2025,CR.TRAN. 30657877669 EDELAP,636215.55,10-04,26652978.05 
10/04/2025,IMPUESTO CREDITO -LEY 25413    4930,-3817.29,10-04,26649160.76 
10/04/2025,RETENCION ARBA                 4930,-15905.30,10-04,26633255.46 
10/04/2025,IMPUESTO DEBITO -LEY 25413     4930,-95.43,10-04,26633160.03 
10/04/2025,COMISION DATANET,-318.10,10-04,26632841.93 
10/04/2025,IMPUESTO DEBITO -LEY 25413,-1.91,10-04,26632840.02 
11/04/2025,CR.DEBIN 10/04-S.770560 C:30657033770,29115.41,11-04,26661955.43 
11/04/2025,CR.DEBIN 10/04-S.740107 C:30657033770,27728.96,11-04,26689684.39 
11/04/2025,CR.DEBIN 10/04-S.707934 C:30657033770,15548.02,11-04,26705232.41 
11/04/2025,CR.DEBIN 10/04-S.012869 C:30657033770,10398.36,11-04,26715630.77 
11/04/2025,CR.DEBIN 10/04-S.066734 C:30657033770,9408.04,11-04,26725038.81 
11/04/2025,CR.DEBIN 10/04-S.388383 C:30657033770,9233.74,11-04,26734272.55 
11/04/2025,CR.DEBIN 10/04-S.969317 C:30657033770,4753.54,11-04,26739026.09 
11/04/2025,CR.TRAN. 30574816870 AMERICAN EXPRESS,18045.25,11-04,26757071.34 
11/04/2025,IMPUESTO CREDITO -LEY 25413    0001,-108.27,11-04,26756963.07 
11/04/2025,RETENCION ARBA                 0001,-451.10,11-04,26756511.97 
11/04/2025,IMPUESTO DEBITO -LEY 25413     0001,-2.71,11-04,26756509.26 
11/04/2025,CR.DEBIN 11/04-S.319648 C:30657033770,27728.96,11-04,26784238.22 
11/04/2025,IMPUESTO CREDITO -LEY 25413,-166.37,11-04,26784071.85 
11/04/2025,RETENCION ARBA,-693.20,11-04,26783378.65 
11/04/2025,IMPUESTO DEBITO -LEY 25413,-4.16,11-04,26783374.49 
11/04/2025,CR.DEBIN 11/04-S.339951 C:30657033770,19806.40,11-04,26803180.89 
11/04/2025,IMPUESTO CREDITO -LEY 25413,-118.84,11-04,26803062.05 
11/04/2025,RETENCION ARBA,-495.10,11-04,26802566.95 
11/04/2025,IMPUESTO DEBITO -LEY 25413,-2.97,11-04,26802563.98 
11/04/2025,PAGOS A COMERCIOS VISA - L. 0000229040 - C. 00003907330,445562.14,11-04,27248126.12 
11/04/2025,IMPUESTO CREDITO -LEY 25413    1002 MEDIOS DE PAGO,-2673.37,11-04,27245452.75 
11/04/2025,RETENCION ARBA                 1002 MEDIOS DE PAGO,-11139.00,11-04,27234313.75 
11/04/2025,IMPUESTO DEBITO -LEY 25413     1002 MEDIOS DE PAGO,-66.83,11-04,27234246.92 
11/04/2025,PAGOS A COMERCIOS VISA - L. 0000229132 - C. 00003907330,258211.39,11-04,27492458.31 
11/04/2025,IMPUESTO CREDITO -LEY 25413    1002 MEDIOS DE PAGO,-1549.27,11-04,27490909.04 
11/04/2025,RETENCION ARBA                 1002 MEDIOS DE PAGO,-6455.20,11-04,27484453.84 
11/04/2025,IMPUESTO DEBITO -LEY 25413     1002 MEDIOS DE PAGO,-38.73,11-04,27484415.11 
11/04/2025,PAGOS A COMERCIOS MASTERCARD - L. 0000229016 - C. 00003907330,156609.65,11-04,27641024.76 
11/04/2025,IMPUESTO CREDITO -LEY 25413    1002 MEDIOS DE PAGO,-939.66,11-04,27640085.10 
11/04/2025,RETENCION ARBA                 1002 MEDIOS DE PAGO,-3915.20,11-04,27636169.90 
11/04/2025,IMPUESTO DEBITO -LEY 25413     1002 MEDIOS DE PAGO,-23.49,11-04,27636146.41 
11/04/2025,PAGOS A COMERCIOS MASTERCARD - L. 0000229084 - C. 00003907330,125771.85,11-04,27761918.26 
11/04/2025,IMPUESTO CREDITO -LEY 25413    1002 MEDIOS DE PAGO,-754.63,11-04,27761163.63 
11/04/2025,RETENCION ARBA                 1002 MEDIOS DE PAGO,-3144.20,11-04,27758019.43 
11/04/2025,IMPUESTO DEBITO -LEY 25413     1002 MEDIOS DE PAGO,-18.87,11-04,27758000.56 
11/04/2025,PAGOS A COMERCIOS VISA - L. 0000228960 - C. 00003907330,97285.88,11-04,27855286.44 
11/04/2025,IMPUESTO CREDITO -LEY 25413    1002 MEDIOS DE PAGO,-583.72,11-04,27854702.72 
11/04/2025,RETENCION ARBA                 1002 MEDIOS DE PAGO,-2432.10,11-04,27852270.62 
11/04/2025,IMPUESTO DEBITO -LEY 25413     1002 MEDIOS DE PAGO,-14.59,11-04,27852256.03 
11/04/2025,PAGOS A COMERCIOS MASTERCARD - L. 0000228918 - C. 00003907330,6228.43,11-04,27858484.46 
11/04/2025,IMPUESTO CREDITO -LEY 25413    1002 MEDIOS DE PAGO,-37.37,11-04,27858447.09 
11/04/2025,RETENCION ARBA                 1002 MEDIOS DE PAGO,-155.70,11-04,27858291.39 
11/04/2025,IMPUESTO DEBITO -LEY 25413     1002 MEDIOS DE PAGO,-0.93,11-04,27858290.46 
11/04/2025,CARGO A COMERCIOS MASTERCARD - L. 0000228751 - C. 00003907330,-4519.15,11-04,27853771.31 
11/04/2025,CARGO A COMERCIOS MASTERCARD - L. 0000228931 - C. 00003907330,-7393.39,11-04,27846377.92 
11/04/2025,CR.DEBIN 11/04-S.669229 C:30657033770,7427.40,11-04,27853805.32 
11/04/2025,IMPUESTO CREDITO -LEY 25413,-44.56,11-04,27853760.76 
11/04/2025,RETENCION ARBA,-185.60,11-04,27853575.16 
11/04/2025,IMPUESTO DEBITO -LEY 25413,-1.11,11-04,27853574.05 
11/04/2025,CR.DEBIN 11/04-S.425290 C:30657033770,2772.90,11-04,27856346.95 
11/04/2025,IMPUESTO CREDITO -LEY 25413,-16.64,11-04,27856330.31 
11/04/2025,RETENCION ARBA,-69.30,11-04,27856261.01 
11/04/2025,IMPUESTO DEBITO -LEY 25413,-0.42,11-04,27856260.59 
11/04/2025,CR.TRAN. 30601290592 AGREM ODONT DE BERISSO,71203.31,11-04,27927463.90 
11/04/2025,IMPUESTO CREDITO -LEY 25413    4930,-427.22,11-04,27927036.68 
11/04/2025,RETENCION ARBA                 4930,-1780.00,11-04,27925256.68 
11/04/2025,IMPUESTO DEBITO -LEY 25413     4930,-10.68,11-04,27925246.00 
11/04/2025,CR.DEBIN 11/04-S.770499 C:30657033770,16835.44,11-04,27942081.44 
11/04/2025,IMPUESTO CREDITO -LEY 25413,-101.01,11-04,27941980.43 
11/04/2025,RETENCION ARBA,-420.80,11-04,27941559.63 
11/04/2025,IMPUESTO DEBITO -LEY 25413,-2.52,11-04,27941557.11 
11/04/2025,CR.DEBIN 11/04-S.774637 C:30657033770,33868.94,11-04,27975426.05 
11/04/2025,IMPUESTO CREDITO -LEY 25413,-203.21,11-04,27975222.84 
11/04/2025,RETENCION ARBA,-846.70,11-04,27974376.14 
11/04/2025,IMPUESTO DEBITO -LEY 25413,-5.08,11-04,27974371.06 
11/04/2025,CR.DEBIN 11/04-S.477872 C:30657033770,6932.24,11-04,27981303.30 
11/04/2025,IMPUESTO CREDITO -LEY 25413,-41.59,11-04,27981261.71 
11/04/2025,RETENCION ARBA,-173.30,11-04,27981088.41 
11/04/2025,IMPUESTO DEBITO -LEY 25413,-1.04,11-04,27981087.37 
11/04/2025,CR.TRAN. 30550857061CCOLEG FARMACEUTICOS PCIA BS A 00A04,219912.00,11-04,28200999.37 
11/04/2025,IMPUESTO CREDITO -LEY 25413    2000 REGION Y CASA MATRIZ LA P,-1319.47,11-04,28199679.90 
11/04/2025,RETENCION ARBA                 2000 REGION Y CASA MATRIZ LA P,-5497.80,11-04,28194182.10 
11/04/2025,IMPUESTO DEBITO -LEY 25413     2000 REGION Y CASA MATRIZ LA P,-32.99,11-04,28194149.11 
11/04/2025,COMISION DATANET,-9.02,11-04,28194140.09 
11/04/2025,IMPUESTO DEBITO -LEY 25413,-0.05,11-04,28194140.04 
11/04/2025,COMISION DATANET,-35.60,11-04,28194104.44 
11/04/2025,IMPUESTO DEBITO -LEY 25413,-0.21,11-04,28194104.23 
11/04/2025,COMISION DATANET,-109.95,11-04,28193994.28 
11/04/2025,IMPUESTO DEBITO -LEY 25413,-0.66,11-04,28193993.62 
14/04/2025,CR.DEBIN 11/04-S.037824 C:30657033770,7229.34,14-04,28201222.96 
14/04/2025,CR.DEBIN 11/04-S.858000 C:30657033770,4951.60,14-04,28206174.56 
14/04/2025,BIP DB.TR.11/04-C.899591 D:27214447008 N:NADAL ANDREA F,-900000.00,14-04,27306174.56 
14/04/2025,IMPUESTO DEBITO -LEY 25413,-5400.00,14-04,27300774.56 
14/04/2025,COMISION TRANSFERENCIA/GIRO,-3350.00,14-04,27297424.56 
14/04/2025,IMPUESTO DEBITO -LEY 25413,-20.10,14-04,27297404.46 
14/04/2025,CR.DEBIN 12/04-S.750296 C:30657033770,21192.85,14-04,27318597.31 
14/04/2025,IMPUESTO CREDITO -LEY 25413,-127.16,14-04,27318470.15 
14/04/2025,RETENCION ARBA,-529.80,14-04,27317940.35 
14/04/2025,IMPUESTO DEBITO -LEY 25413,-3.18,14-04,27317937.17 
14/04/2025,CHEQUE DE CAMARA 005869893,-538990.00,14-04,26778947.17 
14/04/2025,IMPUESTO DEBITO -LEY 25413     1952 CONTABILIDAD Y CONCILIACI,-3233.94,14-04,26775713.23 
14/04/2025,CR.DEBIN 12/04-S.019093 C:30657033770,7922.56,14-04,26783635.79 
14/04/2025,IMPUESTO CREDITO -LEY 25413,-47.54,14-04,26783588.25 
14/04/2025,RETENCION ARBA,-198.00,14-04,26783390.25 
14/04/2025,IMPUESTO DEBITO -LEY 25413,-1.19,14-04,26783389.06 
14/04/2025,PAGO CUOTA,COM,GASTOS PRESTAMO 1987 BIYCSA,-126003.05,14-04,26657386.01 
14/04/2025,IMPUESTO DEBITO -LEY 25413,-756.02,14-04,26656629.99 
14/04/2025,PAGO CUOTA,COM,GASTOS PRESTAMO 1987 BIYCSA,-2077850.00,14-04,24578779.99 
14/04/2025,IMPUESTO DEBITO -LEY 25413,-12467.10,14-04,24566312.89 
14/04/2025,CR.DEBIN 14/04-S.344768 C:30657033770,4654.50,14-04,24570967.39 
14/04/2025,IMPUESTO CREDITO -LEY 25413,-27.93,14-04,24570939.46 
14/04/2025,RETENCION ARBA,-116.30,14-04,24570823.16 
14/04/2025,IMPUESTO DEBITO -LEY 25413,-0.70,14-04,24570822.46 
14/04/2025,CR.TRAN. 30574816870 AMERICAN EXPRESS,108470.69,14-04,24679293.15 
14/04/2025,IMPUESTO CREDITO -LEY 25413    0001,-650.82,14-04,24678642.33 
14/04/2025,RETENCION ARBA                 0001,-2711.70,14-04,24675930.63 
14/04/2025,IMPUESTO DEBITO -LEY 25413     0001,-16.27,14-04,24675914.36 
14/04/2025,CR.DEBIN 14/04-S.667840 C:30657033770,13963.51,14-04,24689877.87 
14/04/2025,IMPUESTO CREDITO -LEY 25413,-83.78,14-04,24689794.09 
14/04/2025,RETENCION ARBA,-349.00,14-04,24689445.09 
14/04/2025,IMPUESTO DEBITO -LEY 25413,-2.09,14-04,24689443.00 
14/04/2025,PAGOS A COMERCIOS VISA - L. 0000229202 - C. 00003907330,533236.77,14-04,25222679.77 
14/04/2025,IMPUESTO CREDITO -LEY 25413    1002 MEDIOS DE PAGO,-3199.42,14-04,25219480.35 
14/04/2025,RETENCION ARBA                 1002 MEDIOS DE PAGO,-13330.90,14-04,25206149.45 
14/04/2025,IMPUESTO DEBITO -LEY 25413     1002 MEDIOS DE PAGO,-79.99,14-04,25206069.46 
14/04/2025,PAGOS A COMERCIOS MASTERCARD - L. 0000229175 - C. 00003907330,119562.83,14-04,25325632.29 
14/04/2025,IMPUESTO CREDITO -LEY 25413    1002 MEDIOS DE PAGO,-717.38,14-04,25324914.91 
14/04/2025,RETENCION ARBA                 1002 MEDIOS DE PAGO,-2989.00,14-04,25321925.91 
14/04/2025,IMPUESTO DEBITO -LEY 25413     1002 MEDIOS DE PAGO,-17.93,14-04,25321907.98 
14/04/2025,PAGOS A COMERCIOS MASTERCARD - L. 0000229250 - C. 00003907330,36124.89,14-04,25358032.87 
14/04/2025,IMPUESTO CREDITO -LEY 25413    1002 MEDIOS DE PAGO,-216.75,14-04,25357816.12 
14/04/2025,RETENCION ARBA                 1002 MEDIOS DE PAGO,-903.10,14-04,25356913.02 
14/04/2025,IMPUESTO DEBITO -LEY 25413     1002 MEDIOS DE PAGO,-5.42,14-04,25356907.60 
14/04/2025,CARGO A COMERCIOS MASTERCARD - L. 0000229099 - C. 00003907330,-6230.88,14-04,25350676.72 
14/04/2025,CR.DEBIN 14/04-S.368974 C:30657033770,42088.60,14-04,25392765.32 
14/04/2025,IMPUESTO CREDITO -LEY 25413,-252.53,14-04,25392512.79 
14/04/2025,RETENCION ARBA,-1052.20,14-04,25391460.59 
14/04/2025,IMPUESTO DEBITO -LEY 25413,-6.31,14-04,25391454.28 
14/04/2025,CR.DEBIN 14/04-S.651046 C:30657033770,2475.80,14-04,25393930.08 
14/04/2025,IMPUESTO CREDITO -LEY 25413,-14.85,14-04,25393915.23 
14/04/2025,RETENCION ARBA,-61.80,14-04,25393853.43 
14/04/2025,IMPUESTO DEBITO -LEY 25413,-0.37,14-04,25393853.06 
14/04/2025,CR.DEBIN 14/04-S.926992 C:30657033770,2525.32,14-04,25396378.38 
14/04/2025,IMPUESTO CREDITO -LEY 25413,-15.15,14-04,25396363.23 
14/04/2025,RETENCION ARBA,-63.10,14-04,25396300.13 
14/04/2025,IMPUESTO DEBITO -LEY 25413,-0.38,14-04,25396299.75 
14/04/2025,CR.DEBIN 14/04-S.082667 C:30657033770,14854.80,14-04,25411154.55 
14/04/2025,IMPUESTO CREDITO -LEY 25413,-89.13,14-04,25411065.42 
14/04/2025,RETENCION ARBA,-371.30,14-04,25410694.12 
14/04/2025,IMPUESTO DEBITO -LEY 25413,-2.23,14-04,25410691.89 
14/04/2025,CR.DEBIN 14/04-S.875613 C:30657033770,9364.47,14-04,25420056.36 
14/04/2025,IMPUESTO CREDITO -LEY 25413,-56.19,14-04,25420000.17 
14/04/2025,RETENCION ARBA,-234.10,14-04,25419766.07 
14/04/2025,IMPUESTO DEBITO -LEY 25413,-1.40,14-04,25419764.67 
14/04/2025,CR.DEBIN 14/04-S.978907 C:30657033770,5941.92,14-04,25425706.59 
14/04/2025,IMPUESTO CREDITO -LEY 25413,-35.65,14-04,25425670.94 
14/04/2025,RETENCION ARBA,-148.50,14-04,25425522.44 
14/04/2025,IMPUESTO DEBITO -LEY 25413,-0.89,14-04,25425521.55 
14/04/2025,COMISION MENSUAL TRANSFER. DESDE 01-03-2025 HASTA 31-03-2025,-38.00,14-04,25425483.55 
14/04/2025,IMPUESTO DEBITO -LEY 25413,-0.23,14-04,25425483.32 
15/04/2025,CR.DEBIN 14/04-S.324192 C:30657033770,34661.20,15-04,25460144.52 
15/04/2025,CR.DEBIN 14/04-S.888389 C:30657033770,32680.56,15-04,25492825.08 
15/04/2025,CR.DEBIN 14/04-S.306461 C:30657033770,10398.36,15-04,25503223.44 
15/04/2025,CR.DEBIN 14/04-S.629753 C:30657033770,9606.10,15-04,25512829.54 
15/04/2025,CR.DEBIN 14/04-S.903758 C:30657033770,6139.98,15-04,25518969.52 
15/04/2025,CHEQUE DE CAMARA 009687401,-2445689.00,15-04,23073280.52 
15/04/2025,IMPUESTO DEBITO -LEY 25413     1950 COMPENSACION DE VALORES,-14674.13,15-04,23058606.39 
15/04/2025,CHEQUE DE CAMARA 009687408,-1028363.28,15-04,22030243.11 
15/04/2025,IMPUESTO DEBITO -LEY 25413     1950 COMPENSACION DE VALORES,-6170.18,15-04,22024072.93 
15/04/2025,CR.TRAN. 30574816870 AMERICAN EXPRESS,19944.75,15-04,22044017.68 
15/04/2025,IMPUESTO CREDITO -LEY 25413    0001,-119.67,15-04,22043898.01 
15/04/2025,RETENCION ARBA                 0001,-498.60,15-04,22043399.41 
15/04/2025,IMPUESTO DEBITO -LEY 25413     0001,-2.99,15-04,22043396.42 
15/04/2025,CR.DEBIN 15/04-S.041038 C:30657033770,8219.66,15-04,22051616.08 
15/04/2025,IMPUESTO CREDITO -LEY 25413,-49.32,15-04,22051566.76 
15/04/2025,RETENCION ARBA,-205.40,15-04,22051361.36 
15/04/2025,IMPUESTO DEBITO -LEY 25413,-1.23,15-04,22051360.13 
15/04/2025,CR.DEBIN 15/04-S.783276 C:30657033770,6932.24,15-04,22058292.37 
15/04/2025,IMPUESTO CREDITO -LEY 25413,-41.59,15-04,22058250.78 
15/04/2025,RETENCION ARBA,-173.30,15-04,22058077.48 
15/04/2025,IMPUESTO DEBITO -LEY 25413,-1.04,15-04,22058076.44 
15/04/2025,CR.DEBIN 15/04-S.323273 C:30657033770,9804.17,15-04,22067880.61 
15/04/2025,IMPUESTO CREDITO -LEY 25413,-58.83,15-04,22067821.78 
15/04/2025,RETENCION ARBA,-245.10,15-04,22067576.68 
15/04/2025,IMPUESTO DEBITO -LEY 25413,-1.47,15-04,22067575.21 
15/04/2025,PAGOS A COMERCIOS VISA - L. 0000229491 - C. 00003907330,1219070.44,15-04,23286645.65 
15/04/2025,IMPUESTO CREDITO -LEY 25413    1002 MEDIOS DE PAGO,-7314.42,15-04,23279331.23 
15/04/2025,RETENCION ARBA                 1002 MEDIOS DE PAGO,-30476.70,15-04,23248854.53 
15/04/2025,IMPUESTO DEBITO -LEY 25413     1002 MEDIOS DE PAGO,-182.86,15-04,23248671.67 
15/04/2025,PAGOS A COMERCIOS VISA - L. 0000229377 - C. 00003907330,978925.80,15-04,24227597.47 
15/04/2025,IMPUESTO CREDITO -LEY 25413    1002 MEDIOS DE PAGO,-5873.55,15-04,24221723.92 
15/04/2025,RETENCION ARBA                 1002 MEDIOS DE PAGO,-24473.10,15-04,24197250.82 
15/04/2025,IMPUESTO DEBITO -LEY 25413     1002 MEDIOS DE PAGO,-146.84,15-04,24197103.98 
15/04/2025,PAGOS A COMERCIOS MASTERCARD - L. 0000229334 - C. 00003907330,132642.74,15-04,24329746.72 
15/04/2025,IMPUESTO CREDITO -LEY 25413    1002 MEDIOS DE PAGO,-795.86,15-04,24328950.86 
15/04/2025,RETENCION ARBA                 1002 MEDIOS DE PAGO,-3316.00,15-04,24325634.86 
15/04/2025,IMPUESTO DEBITO -LEY 25413     1002 MEDIOS DE PAGO,-19.90,15-04,24325614.96 
15/04/2025,PAGOS A COMERCIOS MASTERCARD - L. 0000229431 - C. 00003907330,126807.94,15-04,24452422.90 
15/04/2025,IMPUESTO CREDITO -LEY 25413    1002 MEDIOS DE PAGO,-760.85,15-04,24451662.05 
15/04/2025,RETENCION ARBA                 1002 MEDIOS DE PAGO,-3170.10,15-04,24448491.95 
15/04/2025,IMPUESTO DEBITO -LEY 25413     1002 MEDIOS DE PAGO,-19.02,15-04,24448472.93 
15/04/2025,CARGO A COMERCIOS MASTERCARD - L. 0000229260 - C. 00003907330,-4726.73,15-04,24443746.20 
15/04/2025,CR.DEBIN 15/04-S.476932 C:30657033770,3367.09,15-04,24447113.29 
15/04/2025,IMPUESTO CREDITO -LEY 25413,-20.20,15-04,24447093.09 
15/04/2025,RETENCION ARBA,-84.10,15-04,24447008.99 
15/04/2025,IMPUESTO DEBITO -LEY 25413,-0.50,15-04,24447008.49 
15/04/2025,CR.DEBIN 15/04-S.255156 C:30657033770,10101.26,15-04,24457109.75 
15/04/2025,IMPUESTO CREDITO -LEY 25413,-60.61,15-04,24457049.14 
15/04/2025,RETENCION ARBA,-252.50,15-04,24456796.64 
15/04/2025,IMPUESTO DEBITO -LEY 25413,-1.52,15-04,24456795.12 
15/04/2025,CR.DEBIN 15/04-S.862863 C:30657033770,3466.12,15-04,24460261.24 
15/04/2025,IMPUESTO CREDITO -LEY 25413,-20.80,15-04,24460240.44 
15/04/2025,RETENCION ARBA,-86.60,15-04,24460153.84 
15/04/2025,IMPUESTO DEBITO -LEY 25413,-0.52,15-04,24460153.32 
15/04/2025,CHEQUE DE CAMARA 005869895,-58066.83,15-04,24402086.49 
15/04/2025,IMPUESTO DEBITO -LEY 25413     5015 CALLE 12 (LA PLATA),-348.40,15-04,24401738.09 
15/04/2025,CR.DEBIN 15/04-S.651907 C:30657033770,11883.84,15-04,24413621.93 
15/04/2025,IMPUESTO CREDITO -LEY 25413,-71.30,15-04,24413550.63 
15/04/2025,RETENCION ARBA,-297.00,15-04,24413253.63 
15/04/2025,IMPUESTO DEBITO -LEY 25413,-1.78,15-04,24413251.85 
15/04/2025,CR.DEBIN 15/04-S.199691 C:30657033770,13666.42,15-04,24426918.27 
15/04/2025,IMPUESTO CREDITO -LEY 25413,-82.00,15-04,24426836.27 
15/04/2025,RETENCION ARBA,-341.60,15-04,24426494.67 
15/04/2025,IMPUESTO DEBITO -LEY 25413,-2.05,15-04,24426492.62 
15/04/2025,CR.TRAN. 30624944255ETESORERIA GENERAL PCIA BS 00D00,11883942.13,15-04,36310434.75 
15/04/2025,IMPUESTO CREDITO -LEY 25413    2000 REGION Y CASA MATRIZ LA P,-71303.65,15-04,36239131.10 
15/04/2025,RETENCION ARBA                 2000 REGION Y CASA MATRIZ LA P,-297098.50,15-04,35942032.60 
15/04/2025,IMPUESTO DEBITO -LEY 25413     2000 REGION Y CASA MATRIZ LA P,-1782.59,15-04,35940250.01 
15/04/2025,CR.TRAN. 30624944255ETESORERIA GENERAL PCIA BS 00D00,156613.94,15-04,36096863.95 
15/04/2025,IMPUESTO CREDITO -LEY 25413    2000 REGION Y CASA MATRIZ LA P,-939.68,15-04,36095924.27 
15/04/2025,RETENCION ARBA                 2000 REGION Y CASA MATRIZ LA P,-3915.30,15-04,36092008.97 
15/04/2025,IMPUESTO DEBITO -LEY 25413     2000 REGION Y CASA MATRIZ LA P,-23.49,15-04,36091985.48 
15/04/2025,CR.DEBIN 15/04-S.616345 C:30657033770,25847.35,15-04,36117832.83 
15/04/2025,IMPUESTO CREDITO -LEY 25413,-155.08,15-04,36117677.75 
15/04/2025,RETENCION ARBA,-646.10,15-04,36117031.65 
15/04/2025,IMPUESTO DEBITO -LEY 25413,-3.88,15-04,36117027.77 
15/04/2025,CR.DEBIN 15/04-S.424684 C:30657033770,12874.16,15-04,36129901.93 
15/04/2025,IMPUESTO CREDITO -LEY 25413,-77.24,15-04,36129824.69 
15/04/2025,RETENCION ARBA,-321.80,15-04,36129502.89 
15/04/2025,IMPUESTO DEBITO -LEY 25413,-1.93,15-04,36129500.96 
15/04/2025,CR.DEBIN 15/04-S.022189 C:30657033770,9507.07,15-04,36139008.03 
15/04/2025,IMPUESTO CREDITO -LEY 25413,-57.04,15-04,36138950.99 
15/04/2025,RETENCION ARBA,-237.60,15-04,36138713.39 
15/04/2025,IMPUESTO DEBITO -LEY 25413,-1.43,15-04,36138711.96 
15/04/2025,CR.DEBIN 15/04-S.532015 C:30657033770,2772.90,15-04,36141484.86 
15/04/2025,IMPUESTO CREDITO -LEY 25413,-16.64,15-04,36141468.22 
15/04/2025,RETENCION ARBA,-69.30,15-04,36141398.92 
15/04/2025,IMPUESTO DEBITO -LEY 25413,-0.42,15-04,36141398.50 
15/04/2025,CR.DEBIN 15/04-S.725282 C:30657033770,8714.82,15-04,36150113.32 
15/04/2025,IMPUESTO CREDITO -LEY 25413,-52.29,15-04,36150061.03 
15/04/2025,RETENCION ARBA,-217.80,15-04,36149843.23 
15/04/2025,IMPUESTO DEBITO -LEY 25413,-1.31,15-04,36149841.92 
15/04/2025,CR.TRAN. 30657864281 CAMUZZI GAS PAMPEANA,258553.00,15-04,36408394.92 
15/04/2025,IMPUESTO CREDITO -LEY 25413    0101,-1551.32,15-04,36406843.60 
15/04/2025,RETENCION ARBA                 0101,-6463.80,15-04,36400379.80 
15/04/2025,IMPUESTO DEBITO -LEY 25413     0101,-38.78,15-04,36400341.02 
15/04/2025,REVERSA RETENCION ARBA,297098.50,15-04,36697439.52 
15/04/2025,REVERSA RETENCION ARBA,3915.30,15-04,36701354.82 
15/04/2025,REV. IMP.DEBITO.-LEY 25413,1782.59,15-04,36703137.41 
15/04/2025,REV. IMP.DEBITO.-LEY 25413,23.49,15-04,36703160.90 
15/04/2025,COMISION DATANET,-9.97,15-04,36703150.93 
15/04/2025,IMPUESTO DEBITO -LEY 25413,-0.06,15-04,36703150.87 
15/04/2025,COMISION DATANET,-78.30,15-04,36703072.57 
15/04/2025,IMPUESTO DEBITO -LEY 25413,-0.47,15-04,36703072.10 
15/04/2025,COMISION DATANET,-129.27,15-04,36702942.83 
15/04/2025,IMPUESTO DEBITO -LEY 25413,-0.78,15-04,36702942.05 
15/04/2025,COMISION DATANET,-5941.97,15-04,36697000.08 
15/04/2025,IMPUESTO I.BRUTOS - PERCEPCION,-297.10,15-04,36696702.98 
15/04/2025,IMPUESTO DEBITO -LEY 25413,-35.65,15-04,36696667.33 
15/04/2025,IMPUESTO DEBITO -LEY 25413,-1.78,15-04,36696665.55 
16/04/2025,CR.DEBIN 15/04-S.826970 C:30657033770,12874.16,16-04,36709539.71 
16/04/2025,CR.DEBIN 15/04-S.737290 C:30657033770,5644.82,16-04,36715184.53 
16/04/2025,CR.DEBIN 15/04-S.797234 C:30657033770,4357.41,16-04,36719541.94 
16/04/2025,CR.TRAN. 30574816870 AMERICAN EXPRESS,19754.80,16-04,36739296.74 
16/04/2025,IMPUESTO CREDITO -LEY 25413    0001,-118.53,16-04,36739178.21 
16/04/2025,RETENCION ARBA                 0001,-493.80,16-04,36738684.41 
16/04/2025,IMPUESTO DEBITO -LEY 25413     0001,-2.96,16-04,36738681.45 
16/04/2025,CR.DEBIN 16/04-S.969046 C:30657033770,3763.22,16-04,36742444.67 
16/04/2025,IMPUESTO CREDITO -LEY 25413,-22.58,16-04,36742422.09 
16/04/2025,RETENCION ARBA,-94.00,16-04,36742328.09 
16/04/2025,IMPUESTO DEBITO -LEY 25413,-0.56,16-04,36742327.53 
16/04/2025,PAGOS A COMERCIOS VISA - L. 0000229570 - C. 00003907330,754963.78,16-04,37497291.31 
16/04/2025,IMPUESTO CREDITO -LEY 25413    1002 MEDIOS DE PAGO,-4529.78,16-04,37492761.53 
16/04/2025,RETENCION ARBA                 1002 MEDIOS DE PAGO,-18874.00,16-04,37473887.53 
16/04/2025,IMPUESTO DEBITO -LEY 25413     1002 MEDIOS DE PAGO,-113.24,16-04,37473774.29 
16/04/2025,PAGOS A COMERCIOS VISA - L. 0000229665 - C. 00003907330,292582.80,16-04,37766357.09 
16/04/2025,IMPUESTO CREDITO -LEY 25413    1002 MEDIOS DE PAGO,-1755.50,16-04,37764601.59 
16/04/2025,RETENCION ARBA                 1002 MEDIOS DE PAGO,-7314.50,16-04,37757287.09 
16/04/2025,IMPUESTO DEBITO -LEY 25413     1002 MEDIOS DE PAGO,-43.89,16-04,37757243.20 
16/04/2025,PAGOS A COMERCIOS MASTERCARD - L. 0000229617 - C. 00003907330,92023.18,16-04,37849266.38 
16/04/2025,IMPUESTO CREDITO -LEY 25413    1002 MEDIOS DE PAGO,-552.14,16-04,37848714.24 
16/04/2025,RETENCION ARBA                 1002 MEDIOS DE PAGO,-2300.50,16-04,37846413.74 
16/04/2025,IMPUESTO DEBITO -LEY 25413     1002 MEDIOS DE PAGO,-13.80,16-04,37846399.94 
16/04/2025,PAGOS A COMERCIOS MASTERCARD - L. 0000229542 - C. 00003907330,46817.94,16-04,37893217.88 
16/04/2025,IMPUESTO CREDITO -LEY 25413    1002 MEDIOS DE PAGO,-280.91,16-04,37892936.97 
16/04/2025,RETENCION ARBA                 1002 MEDIOS DE PAGO,-1170.40,16-04,37891766.57 
16/04/2025,IMPUESTO DEBITO -LEY 25413     1002 MEDIOS DE PAGO,-7.02,16-04,37891759.55 
16/04/2025,CARGO A COMERCIOS MASTERCARD - L. 0000229450 - C. 00003907330,-3194.91,16-04,37888564.64 
16/04/2025,CR.DEBIN 16/04-S.616259 C:30657033770,5941.92,16-04,37894506.56 
16/04/2025,IMPUESTO CREDITO -LEY 25413,-35.65,16-04,37894470.91 
16/04/2025,RETENCION ARBA,-148.50,16-04,37894322.41 
16/04/2025,IMPUESTO DEBITO -LEY 25413,-0.89,16-04,37894321.52 
16/04/2025,P.SERV 16/04-COM.846903 -ENTE950 -30657033770,-3460235.58,16-04,34434085.94 
16/04/2025,IMPUESTO DEBITO -LEY 25413,-20761.41,16-04,34413324.53 
16/04/2025,CR.DEBIN 16/04-S.385523 C:30657033770,17865.37,16-04,34431189.90 
16/04/2025,IMPUESTO CREDITO -LEY 25413,-107.19,16-04,34431082.71 
16/04/2025,RETENCION ARBA,-446.60,16-04,34430636.11 
16/04/2025,IMPUESTO DEBITO -LEY 25413,-2.68,16-04,34430633.43 
16/04/2025,CR.DEBIN 16/04-S.635425 C:30657033770,2970.96,16-04,34433604.39 
16/04/2025,IMPUESTO CREDITO -LEY 25413,-17.83,16-04,34433586.56 
16/04/2025,RETENCION ARBA,-74.20,16-04,34433512.36 
16/04/2025,IMPUESTO DEBITO -LEY 25413,-0.45,16-04,34433511.91 
16/04/2025,CHEQUE DE CAMARA 009687410,-613268.44,16-04,33820243.47 
16/04/2025,IMPUESTO DEBITO -LEY 25413     6952 GENERAL MADARIAGA,-3679.61,16-04,33816563.86 
16/04/2025,CR.DEBIN 16/04-S.822481 C:30657033770,8912.88,16-04,33825476.74 
16/04/2025,IMPUESTO CREDITO -LEY 25413,-53.48,16-04,33825423.26 
16/04/2025,RETENCION ARBA,-222.80,16-04,33825200.46 
16/04/2025,IMPUESTO DEBITO -LEY 25413,-1.34,16-04,33825199.12 
16/04/2025,CR.DEBIN 16/04-S.826094 C:30657033770,43574.08,16-04,33868773.20 
16/04/2025,IMPUESTO CREDITO -LEY 25413,-261.44,16-04,33868511.76 
16/04/2025,RETENCION ARBA,-1089.30,16-04,33867422.46 
16/04/2025,IMPUESTO DEBITO -LEY 25413,-6.54,16-04,33867415.92 
16/04/2025,CR.DEBIN 16/04-S.657887 C:30657033770,6932.24,16-04,33874348.16 
16/04/2025,IMPUESTO CREDITO -LEY 25413,-41.59,16-04,33874306.57 
16/04/2025,RETENCION ARBA,-173.30,16-04,33874133.27 
16/04/2025,IMPUESTO DEBITO -LEY 25413,-1.04,16-04,33874132.23 
16/04/2025,CR.TRAN. 30715803891 RAPPI ARG SAS,54712.96,16-04,33928845.19 
16/04/2025,IMPUESTO CREDITO -LEY 25413    0814,-328.28,16-04,33928516.91 
16/04/2025,RETENCION ARBA                 0814,-1367.80,16-04,33927149.11 
16/04/2025,IMPUESTO DEBITO -LEY 25413     0814,-8.21,16-04,33927140.90 
16/04/2025,CR.DEBIN 16/04-S.664088 C:30657033770,7922.56,16-04,33935063.46 
16/04/2025,IMPUESTO CREDITO -LEY 25413,-47.54,16-04,33935015.92 
16/04/2025,RETENCION ARBA,-198.00,16-04,33934817.92 
16/04/2025,IMPUESTO DEBITO -LEY 25413,-1.19,16-04,33934816.73 
16/04/2025,CR.DEBIN 16/04-S.845087 C:30657033770,32977.66,16-04,33967794.39 
16/04/2025,IMPUESTO CREDITO -LEY 25413,-197.87,16-04,33967596.52 
16/04/2025,RETENCION ARBA,-824.40,16-04,33966772.12 
16/04/2025,IMPUESTO DEBITO -LEY 25413,-4.95,16-04,33966767.17 
16/04/2025,DEP EFVO TAS DNI 00044969383,200000.00,16-04,34166767.17 
16/04/2025,IMPUESTO CREDITO -LEY 25413,-1200.00,16-04,34165567.17 
16/04/2025,RETENCION ARBA,-5000.00,16-04,34160567.17 
16/04/2025,IMPUESTO DEBITO -LEY 25413,-30.00,16-04,34160537.17 
16/04/2025,CR.DEBIN 16/04-S.770589 C:30657033770,5050.63,16-04,34165587.80 
16/04/2025,IMPUESTO CREDITO -LEY 25413,-30.30,16-04,34165557.50 
16/04/2025,RETENCION ARBA,-126.20,16-04,34165431.30 
16/04/2025,IMPUESTO DEBITO -LEY 25413,-0.76,16-04,34165430.54 
16/04/2025,CR.DEBIN 16/04-S.776574 C:30657033770,7328.37,16-04,34172758.91 
16/04/2025,IMPUESTO CREDITO -LEY 25413,-43.97,16-04,34172714.94 
16/04/2025,RETENCION ARBA,-183.20,16-04,34172531.74 
16/04/2025,IMPUESTO DEBITO -LEY 25413,-1.10,16-04,34172530.64 
16/04/2025,CR.TRAN. 30624944255ETESORERIA GENERAL PCIA BS 00D00,188661.92,16-04,34361192.56 
16/04/2025,IMPUESTO CREDITO -LEY 25413    2000 REGION Y CASA MATRIZ LA P,-1131.97,16-04,34360060.59 
16/04/2025,RETENCION ARBA                 2000 REGION Y CASA MATRIZ LA P,-4716.50,16-04,34355344.09 
16/04/2025,IMPUESTO DEBITO -LEY 25413     2000 REGION Y CASA MATRIZ LA P,-28.30,16-04,34355315.79 
16/04/2025,CR.DEBIN 16/04-S.158853 C:30657033770,18023.82,16-04,34373339.61 
16/04/2025,IMPUESTO CREDITO -LEY 25413,-108.14,16-04,34373231.47 
16/04/2025,RETENCION ARBA,-450.50,16-04,34372780.97 
16/04/2025,IMPUESTO DEBITO -LEY 25413,-2.70,16-04,34372778.27 
16/04/2025,CR.DEBIN 16/04-S.889918 C:30657033770,6437.08,16-04,34379215.35 
16/04/2025,IMPUESTO CREDITO -LEY 25413,-38.62,16-04,34379176.73 
16/04/2025,RETENCION ARBA,-160.90,16-04,34379015.83 
16/04/2025,IMPUESTO DEBITO -LEY 25413,-0.97,16-04,34379014.86 
16/04/2025,CR.DEBIN 16/04-S.476919 C:30657033770,25748.32,16-04,34404763.18 
16/04/2025,IMPUESTO CREDITO -LEY 25413,-154.49,16-04,34404608.69 
16/04/2025,RETENCION ARBA,-643.70,16-04,34403964.99 
16/04/2025,IMPUESTO DEBITO -LEY 25413,-3.86,16-04,34403961.13 
16/04/2025,CR.DEBIN 16/04-S.828238 C:30657033770,39018.61,16-04,34442979.74 
16/04/2025,IMPUESTO CREDITO -LEY 25413,-234.11,16-04,34442745.63 
16/04/2025,RETENCION ARBA,-975.40,16-04,34441770.23 
16/04/2025,IMPUESTO DEBITO -LEY 25413,-5.85,16-04,34441764.38 
16/04/2025,CR.DEBIN 16/04-S.015510 C:30657033770,30798.95,16-04,34472563.33 
16/04/2025,IMPUESTO CREDITO -LEY 25413,-184.79,16-04,34472378.54 
16/04/2025,RETENCION ARBA,-769.90,16-04,34471608.64 
16/04/2025,IMPUESTO DEBITO -LEY 25413,-4.62,16-04,34471604.02 
16/04/2025,MINISTERIO PUBLI 30707216669 BCO.014 REF.GEP20250032558,768111.68,16-04,35239715.70 
16/04/2025,IMPUESTO CREDITO -LEY 25413,-4608.66,16-04,35235107.04 
16/04/2025,RETENCION ARBA,-19202.70,16-04,35215904.34 
16/04/2025,IMPUESTO DEBITO -LEY 25413,-115.22,16-04,35215789.12 
16/04/2025,COMISION TRANSFERENCIA/GIRO    2000 REGION Y CASA MATRIZ LA P,-2.50,16-04,35215786.62 
16/04/2025,ASOC ALDEAS INFA 30688318595 BCO.015 REF.,681304.79,16-04,35897091.41 
16/04/2025,IMPUESTO CREDITO -LEY 25413,-4087.83,16-04,35893003.58 
16/04/2025,RETENCION ARBA,-17032.60,16-04,35875970.98 
16/04/2025,IMPUESTO DEBITO -LEY 25413,-102.20,16-04,35875868.78 
16/04/2025,REVERSA RETENCION ARBA,4716.50,16-04,35880585.28 
16/04/2025,REV. IMP.DEBITO.-LEY 25413,28.30,16-04,35880613.58 
16/04/2025,COMISION DATANET,-9.87,16-04,35880603.71 
16/04/2025,IMPUESTO DEBITO -LEY 25413,-0.06,16-04,35880603.65 
16/04/2025,COMISION DATANET,-27.35,16-04,35880576.30 
16/04/2025,IMPUESTO DEBITO -LEY 25413,-0.16,16-04,35880576.14 
16/04/2025,COMISION DATANET,-94.33,16-04,35880481.81 
16/04/2025,IMPUESTO DEBITO -LEY 25413,-0.57,16-04,35880481.24 
21/04/2025,CR.DEBIN 16/04-S.764892 C:30657033770,13666.42,21-04,35894147.66 
21/04/2025,CR.DEBIN 16/04-S.921689 C:30657033770,7922.56,21-04,35902070.22 
21/04/2025,CR.DEBIN 16/04-S.236969 C:30657033770,5941.92,21-04,35908012.14 
21/04/2025,CR.DEBIN 16/04-S.530471 C:30657033770,4753.54,21-04,35912765.68 
21/04/2025,CR.DEBIN 16/04-S.325566 C:30657033770,4555.47,21-04,35917321.15 
21/04/2025,CHEQUE DE CAMARA 006740378,-1908100.03,21-04,34009221.12 
21/04/2025,IMPUESTO DEBITO -LEY 25413     1952 CONTABILIDAD Y CONCILIACI,-11448.60,21-04,33997772.52 
21/04/2025,CR.DEBIN 17/04-S.253191 C:30657033770,10596.42,21-04,34008368.94 
21/04/2025,IMPUESTO CREDITO -LEY 25413,-63.58,21-04,34008305.36 
21/04/2025,RETENCION ARBA,-264.90,21-04,34008040.46 
21/04/2025,IMPUESTO DEBITO -LEY 25413,-1.59,21-04,34008038.87 
21/04/2025,CR.DEBIN 17/04-S.998283 C:30657033770,16340.28,21-04,34024379.15 
21/04/2025,IMPUESTO CREDITO -LEY 25413,-98.04,21-04,34024281.11 
21/04/2025,RETENCION ARBA,-408.50,21-04,34023872.61 
21/04/2025,IMPUESTO DEBITO -LEY 25413,-2.45,21-04,34023870.16 
21/04/2025,CR.DEBIN 17/04-S.006318 C:30657033770,2178.70,21-04,34026048.86 
21/04/2025,IMPUESTO CREDITO -LEY 25413,-13.07,21-04,34026035.79 
21/04/2025,RETENCION ARBA,-54.40,21-04,34025981.39 
21/04/2025,IMPUESTO DEBITO -LEY 25413,-0.33,21-04,34025981.06 
21/04/2025,CR.DEBIN 17/04-S.182497 C:30657033770,10101.26,21-04,34036082.32 
21/04/2025,IMPUESTO CREDITO -LEY 25413,-60.61,21-04,34036021.71 
21/04/2025,RETENCION ARBA,-252.50,21-04,34035769.21 
21/04/2025,IMPUESTO DEBITO -LEY 25413,-1.52,21-04,34035767.69 
21/04/2025,CR.DEBIN 17/04-S.184881 C:30657033770,10101.26,21-04,34045868.95 
21/04/2025,IMPUESTO CREDITO -LEY 25413,-60.61,21-04,34045808.34 
21/04/2025,RETENCION ARBA,-252.50,21-04,34045555.84 
21/04/2025,IMPUESTO DEBITO -LEY 25413,-1.52,21-04,34045554.32 
21/04/2025,CR.DEBIN 17/04-S.196233 C:30657033770,20301.56,21-04,34065855.88 
21/04/2025,IMPUESTO CREDITO -LEY 25413,-121.81,21-04,34065734.07 
21/04/2025,RETENCION ARBA,-507.50,21-04,34065226.57 
21/04/2025,IMPUESTO DEBITO -LEY 25413,-3.05,21-04,34065223.52 
21/04/2025,CR.DEBIN 17/04-S.245715 C:30657033770,20301.56,21-04,34085525.08 
21/04/2025,IMPUESTO CREDITO -LEY 25413,-121.81,21-04,34085403.27 
21/04/2025,RETENCION ARBA,-507.50,21-04,34084895.77 
21/04/2025,IMPUESTO DEBITO -LEY 25413,-3.05,21-04,34084892.72 
21/04/2025,CR.DEBIN 17/04-S.474856 C:30657033770,19212.21,21-04,34104104.93 
21/04/2025,IMPUESTO CREDITO -LEY 25413,-115.27,21-04,34103989.66 
21/04/2025,RETENCION ARBA,-480.30,21-04,34103509.36 
21/04/2025,IMPUESTO DEBITO -LEY 25413,-2.88,21-04,34103506.48 
21/04/2025,CR.DEBIN 17/04-S.170668 C:30657033770,8912.88,21-04,34112419.36 
21/04/2025,IMPUESTO CREDITO -LEY 25413,-53.48,21-04,34112365.88 
21/04/2025,RETENCION ARBA,-222.80,21-04,34112143.08 
21/04/2025,IMPUESTO DEBITO -LEY 25413,-1.34,21-04,34112141.74 
21/04/2025,CRED.TRF.17/04-C.918907 D:30710434421 N:FARMACIA ZORICH,280058.52,21-04,34392200.26 
21/04/2025,IMPUESTO CREDITO -LEY 25413,-1680.35,21-04,34390519.91 
21/04/2025,RETENCION ARBA,-7001.40,21-04,34383518.51 
21/04/2025,IMPUESTO DEBITO -LEY 25413,-42.01,21-04,34383476.50 
21/04/2025,CR.DEBIN 17/04-S.843982 C:30657033770,9209.98,21-04,34392686.48 
21/04/2025,IMPUESTO CREDITO -LEY 25413,-55.26,21-04,34392631.22 
21/04/2025,RETENCION ARBA,-230.20,21-04,34392401.02 
21/04/2025,IMPUESTO DEBITO -LEY 25413,-1.38,21-04,34392399.64 
21/04/2025,CR.DEBIN 17/04-S.201004 C:30657033770,14854.80,21-04,34407254.44 
21/04/2025,IMPUESTO CREDITO -LEY 25413,-89.13,21-04,34407165.31 
21/04/2025,RETENCION ARBA,-371.30,21-04,34406794.01 
21/04/2025,IMPUESTO DEBITO -LEY 25413,-2.23,21-04,34406791.78 
21/04/2025,CR.DEBIN 17/04-S.296926 C:30657033770,19311.24,21-04,34426103.02 
21/04/2025,IMPUESTO CREDITO -LEY 25413,-115.87,21-04,34425987.15 
21/04/2025,RETENCION ARBA,-482.70,21-04,34425504.45 
21/04/2025,IMPUESTO DEBITO -LEY 25413,-2.90,21-04,34425501.55 
21/04/2025,CR.DEBIN 17/04-S.596270 C:30657033770,15250.93,21-04,34440752.48 
21/04/2025,IMPUESTO CREDITO -LEY 25413,-91.51,21-04,34440660.97 
21/04/2025,RETENCION ARBA,-381.20,21-04,34440279.77 
21/04/2025,IMPUESTO DEBITO -LEY 25413,-2.29,21-04,34440277.48 
21/04/2025,CR.DEBIN 17/04-S.908490 C:30657033770,20202.53,21-04,34460480.01 
21/04/2025,IMPUESTO CREDITO -LEY 25413,-121.22,21-04,34460358.79 
21/04/2025,RETENCION ARBA,-505.00,21-04,34459853.79 
21/04/2025,IMPUESTO DEBITO -LEY 25413,-3.03,21-04,34459850.76 
21/04/2025,CR.DEBIN 17/04-S.911794 C:30657033770,9705.14,21-04,34469555.90 
21/04/2025,IMPUESTO CREDITO -LEY 25413,-58.23,21-04,34469497.67 
21/04/2025,RETENCION ARBA,-242.60,21-04,34469255.07 
21/04/2025,IMPUESTO DEBITO -LEY 25413,-1.46,21-04,34469253.61 
21/04/2025,CR.DEBIN 17/04-S.235867 C:30657033770,7922.56,21-04,34477176.17 
21/04/2025,IMPUESTO CREDITO -LEY 25413,-47.54,21-04,34477128.63 
21/04/2025,RETENCION ARBA,-198.00,21-04,34476930.63 
21/04/2025,IMPUESTO DEBITO -LEY 25413,-1.19,21-04,34476929.44 
21/04/2025,CR.DEBIN 17/04-S.618719 C:30657033770,9507.07,21-04,34486436.51 
21/04/2025,IMPUESTO CREDITO -LEY 25413,-57.04,21-04,34486379.47 
21/04/2025,RETENCION ARBA,-237.60,21-04,34486141.87 
21/04/2025,IMPUESTO DEBITO -LEY 25413,-1.43,21-04,34486140.44 
21/04/2025,CR.DEBIN 17/04-S.564877 C:30657033770,8417.72,21-04,34494558.16 
21/04/2025,IMPUESTO CREDITO -LEY 25413,-50.51,21-04,34494507.65 
21/04/2025,RETENCION ARBA,-210.40,21-04,34494297.25 
21/04/2025,IMPUESTO DEBITO -LEY 25413,-1.26,21-04,34494295.99 
21/04/2025,CR.DEBIN 17/04-S.166002 C:30657033770,30600.89,21-04,34524896.88 
21/04/2025,IMPUESTO CREDITO -LEY 25413,-183.61,21-04,34524713.27 
21/04/2025,RETENCION ARBA,-765.00,21-04,34523948.27 
21/04/2025,IMPUESTO DEBITO -LEY 25413,-4.59,21-04,34523943.68 
21/04/2025,CR.DEBIN 17/04-S.354572 C:30657033770,9903.20,21-04,34533846.88 
21/04/2025,IMPUESTO CREDITO -LEY 25413,-59.42,21-04,34533787.46 
21/04/2025,RETENCION ARBA,-247.50,21-04,34533539.96 
21/04/2025,IMPUESTO DEBITO -LEY 25413,-1.49,21-04,34533538.47 
21/04/2025,CR.DEBIN 17/04-S.357944 C:30657033770,8219.66,21-04,34541758.13 
21/04/2025,IMPUESTO CREDITO -LEY 25413,-49.32,21-04,34541708.81 
21/04/2025,RETENCION ARBA,-205.40,21-04,34541503.41 
21/04/2025,IMPUESTO DEBITO -LEY 25413,-1.23,21-04,34541502.18 
21/04/2025,CR.DEBIN 17/04-S.583784 C:30657033770,17825.76,21-04,34559327.94 
21/04/2025,IMPUESTO CREDITO -LEY 25413,-106.95,21-04,34559220.99 
21/04/2025,RETENCION ARBA,-445.60,21-04,34558775.39 
21/04/2025,IMPUESTO DEBITO -LEY 25413,-2.67,21-04,34558772.72 
21/04/2025,CR.DEBIN 17/04-S.360396 C:30657033770,7427.40,21-04,34566200.12 
21/04/2025,IMPUESTO CREDITO -LEY 25413,-44.56,21-04,34566155.56 
21/04/2025,RETENCION ARBA,-185.60,21-04,34565969.96 
21/04/2025,IMPUESTO DEBITO -LEY 25413,-1.11,21-04,34565968.85 
21/04/2025,CR.DEBIN 17/04-S.187785 C:30657033770,8813.85,21-04,34574782.70 
21/04/2025,IMPUESTO CREDITO -LEY 25413,-52.88,21-04,34574729.82 
21/04/2025,RETENCION ARBA,-220.30,21-04,34574509.52 
21/04/2025,IMPUESTO DEBITO -LEY 25413,-1.32,21-04,34574508.20 
21/04/2025,CR.DEBIN 17/04-S.954672 C:30657033770,21390.91,21-04,34595899.11 
21/04/2025,IMPUESTO CREDITO -LEY 25413,-128.35,21-04,34595770.76 
21/04/2025,RETENCION ARBA,-534.70,21-04,34595236.06 
21/04/2025,IMPUESTO DEBITO -LEY 25413,-3.21,21-04,34595232.85 
21/04/2025,CR.DEBIN 17/04-S.372478 C:30657033770,15845.12,21-04,34611077.97 
21/04/2025,IMPUESTO CREDITO -LEY 25413,-95.07,21-04,34610982.90 
21/04/2025,RETENCION ARBA,-396.10,21-04,34610586.80 
21/04/2025,IMPUESTO DEBITO -LEY 25413,-2.38,21-04,34610584.42 
21/04/2025,CRED.TRF.17/04-C.715816 D:30520912963 N:TAIUTI CONSTRUC,894376.00,21-04,35504960.42 
21/04/2025,IMPUESTO CREDITO -LEY 25413,-5366.26,21-04,35499594.16 
21/04/2025,RETENCION ARBA,-22359.40,21-04,35477234.76 
21/04/2025,IMPUESTO DEBITO -LEY 25413,-134.16,21-04,35477100.60 
21/04/2025,CRED.TRF.17/04-C.049903 D:30520912963 N:TAIUTI CONSTRUC,1189914.00,21-04,36667014.60 
21/04/2025,IMPUESTO CREDITO -LEY 25413,-7139.48,21-04,36659875.12 
21/04/2025,RETENCION ARBA,-29747.80,21-04,36630127.32 
21/04/2025,IMPUESTO DEBITO -LEY 25413,-178.49,21-04,36629948.83 
21/04/2025,CR.DEBIN 17/04-S.478989 C:30657033770,14854.80,21-04,36644803.63 
21/04/2025,IMPUESTO CREDITO -LEY 25413,-89.13,21-04,36644714.50 
21/04/2025,RETENCION ARBA,-371.30,21-04,36644343.20 
21/04/2025,IMPUESTO DEBITO -LEY 25413,-2.23,21-04,36644340.97 
21/04/2025,CR.DEBIN 17/04-S.975853 C:30657033770,4456.44,21-04,36648797.41 
21/04/2025,IMPUESTO CREDITO -LEY 25413,-26.74,21-04,36648770.67 
21/04/2025,RETENCION ARBA,-111.40,21-04,36648659.27 
21/04/2025,IMPUESTO DEBITO -LEY 25413,-0.67,21-04,36648658.60 
21/04/2025,CR.DEBIN 17/04-S.988710 C:30657033770,3485.93,21-04,36652144.53 
21/04/2025,IMPUESTO CREDITO -LEY 25413,-20.92,21-04,36652123.61 
21/04/2025,RETENCION ARBA,-87.10,21-04,36652036.51 
21/04/2025,IMPUESTO DEBITO -LEY 25413,-0.52,21-04,36652035.99 
21/04/2025,CR.DEBIN 17/04-S.526687 C:30657033770,15746.09,21-04,36667782.08 
21/04/2025,IMPUESTO CREDITO -LEY 25413,-94.48,21-04,36667687.60 
21/04/2025,RETENCION ARBA,-393.60,21-04,36667294.00 
21/04/2025,IMPUESTO DEBITO -LEY 25413,-2.36,21-04,36667291.64 
21/04/2025,CR.DEBIN 17/04-S.366469 C:30657033770,5050.63,21-04,36672342.27 
21/04/2025,IMPUESTO CREDITO -LEY 25413,-30.30,21-04,36672311.97 
21/04/2025,RETENCION ARBA,-126.20,21-04,36672185.77 
21/04/2025,IMPUESTO DEBITO -LEY 25413,-0.76,21-04,36672185.01 
21/04/2025,CR.DEBIN 19/04-S.931424 C:30657033770,19949.01,21-04,36692134.02 
21/04/2025,IMPUESTO CREDITO -LEY 25413,-119.69,21-04,36692014.33 
21/04/2025,RETENCION ARBA,-498.70,21-04,36691515.63 
21/04/2025,IMPUESTO DEBITO -LEY 25413,-2.99,21-04,36691512.64 
21/04/2025,CR.DEBIN 19/04-S.390931 C:30657033770,8615.78,21-04,36700128.42 
21/04/2025,IMPUESTO CREDITO -LEY 25413,-51.69,21-04,36700076.73 
21/04/2025,RETENCION ARBA,-215.30,21-04,36699861.43 
21/04/2025,IMPUESTO DEBITO -LEY 25413,-1.29,21-04,36699860.14 
21/04/2025,CR.DEBIN 19/04-S.218417 C:30657033770,19014.14,21-04,36718874.28 
21/04/2025,IMPUESTO CREDITO -LEY 25413,-114.08,21-04,36718760.20 
21/04/2025,RETENCION ARBA,-475.30,21-04,36718284.90 
21/04/2025,IMPUESTO DEBITO -LEY 25413,-2.85,21-04,36718282.05 
21/04/2025,PAGO CUOTA,COM,GASTOS PRESTAMO 1987 BIYCSA,-230971.20,21-04,36487310.85 
21/04/2025,IMPUESTO DEBITO -LEY 25413,-1385.83,21-04,36485925.02 
21/04/2025,PAGO CUOTA,COM,GASTOS PRESTAMO 1987 BIYCSA,-1000000.00,21-04,35485925.02 
21/04/2025,IMPUESTO DEBITO -LEY 25413,-6000.00,21-04,35479925.02 
21/04/2025,CR.TRAN. 30574816870 AMERICAN EXPRESS,168509.95,21-04,35648434.97 
21/04/2025,IMPUESTO CREDITO -LEY 25413    0001,-1011.06,21-04,35647423.91 
21/04/2025,RETENCION ARBA                 0001,-4212.70,21-04,35643211.21 
21/04/2025,IMPUESTO DEBITO -LEY 25413     0001,-25.28,21-04,35643185.93 
21/04/2025,PAGOS A COMERCIOS VISA - L. 0000229755 - C. 00003907330,493761.03,21-04,36136946.96 
21/04/2025,IMPUESTO CREDITO -LEY 25413    1002 MEDIOS DE PAGO,-2962.57,21-04,36133984.39 
21/04/2025,RETENCION ARBA                 1002 MEDIOS DE PAGO,-12344.00,21-04,36121640.39 
21/04/2025,IMPUESTO DEBITO -LEY 25413     1002 MEDIOS DE PAGO,-74.06,21-04,36121566.33 
21/04/2025,PAGOS A COMERCIOS MASTERCARD - L. 0000229724 - C. 00003907330,103843.65,21-04,36225409.98 
21/04/2025,IMPUESTO CREDITO -LEY 25413    1002 MEDIOS DE PAGO,-623.06,21-04,36224786.92 
21/04/2025,RETENCION ARBA                 1002 MEDIOS DE PAGO,-2596.00,21-04,36222190.92 
21/04/2025,IMPUESTO DEBITO -LEY 25413     1002 MEDIOS DE PAGO,-15.58,21-04,36222175.34 
21/04/2025,PAGOS A COMERCIOS VISA - L. 0000229840 - C. 00003907330,21080.84,21-04,36243256.18 
21/04/2025,IMPUESTO CREDITO -LEY 25413    1002 MEDIOS DE PAGO,-126.49,21-04,36243129.69 
21/04/2025,RETENCION ARBA                 1002 MEDIOS DE PAGO,-527.00,21-04,36242602.69 
21/04/2025,IMPUESTO DEBITO -LEY 25413     1002 MEDIOS DE PAGO,-3.16,21-04,36242599.53 
21/04/2025,CARGO A COMERCIOS MASTERCARD - L. 0000229639 - C. 00003907330,-3870.01,21-04,36238729.52 
21/04/2025,CR.TRAN. 30550857061CCOLEG FARMACEUTICOS PCIA BS A 00A04,148960.00,21-04,36387689.52 
21/04/2025,IMPUESTO CREDITO -LEY 25413    2000 REGION Y CASA MATRIZ LA P,-893.76,21-04,36386795.76 
21/04/2025,RETENCION ARBA                 2000 REGION Y CASA MATRIZ LA P,-3724.00,21-04,36383071.76 
21/04/2025,IMPUESTO DEBITO -LEY 25413     2000 REGION Y CASA MATRIZ LA P,-22.34,21-04,36383049.42 
21/04/2025,CR.TRAN. 30661469192 LABORATORIO VANNIER SA,198037.62,21-04,36581087.04 
21/04/2025,IMPUESTO CREDITO -LEY 25413    0023,-1188.23,21-04,36579898.81 
21/04/2025,RETENCION ARBA                 0023,-4950.90,21-04,36574947.91 
21/04/2025,IMPUESTO DEBITO -LEY 25413     0023,-29.71,21-04,36574918.20 
21/04/2025,CR.DEBIN 21/04-S.325215 C:30657033770,9903.20,21-04,36584821.40 
21/04/2025,IMPUESTO CREDITO -LEY 25413,-59.42,21-04,36584761.98 
21/04/2025,RETENCION ARBA,-247.50,21-04,36584514.48 
21/04/2025,IMPUESTO DEBITO -LEY 25413,-1.49,21-04,36584512.99 
21/04/2025,CR.DEBIN 21/04-S.669682 C:30657033770,8120.62,21-04,36592633.61 
21/04/2025,IMPUESTO CREDITO -LEY 25413,-48.72,21-04,36592584.89 
21/04/2025,RETENCION ARBA,-203.00,21-04,36592381.89 
21/04/2025,IMPUESTO DEBITO -LEY 25413,-1.22,21-04,36592380.67 
21/04/2025,BIP DB.TR.21/04-C.145958 D:20180698389 N:ZACCARO FABIAN,-1500000.00,21-04,35092380.67 
21/04/2025,IMPUESTO DEBITO -LEY 25413,-9000.00,21-04,35083380.67 
21/04/2025,COMISION TRANSFERENCIA/GIRO,-3350.00,21-04,35080030.67 
21/04/2025,BIP DB.TR.21/04-C.155000 D:27214447008 N:NADAL ANDREA F,-600000.00,21-04,34480030.67 
21/04/2025,IMPUESTO DEBITO -LEY 25413,-3600.00,21-04,34476430.67 
21/04/2025,COMISION TRANSFERENCIA/GIRO,-3350.00,21-04,34473080.67 
21/04/2025,BIP DB TR 21/04-C.000200671789 DES:0014-01-200000564973,-334540.00,21-04,34138540.67 
21/04/2025,IMPUESTO DEBITO -LEY 25413,-2007.24,21-04,34136533.43 
21/04/2025,COMISION TRANSFERENCIA/GIRO,-3350.00,21-04,34133183.43 
21/04/2025,CR.DEBIN 21/04-S.314419 C:30657033770,4456.44,21-04,34137639.87 
21/04/2025,IMPUESTO CREDITO -LEY 25413,-26.74,21-04,34137613.13 
21/04/2025,RETENCION ARBA,-111.40,21-04,34137501.73 
21/04/2025,IMPUESTO DEBITO -LEY 25413,-0.67,21-04,34137501.06 
21/04/2025,CR.DEBIN 21/04-S.687421 C:30657033770,38028.29,21-04,34175529.35 
21/04/2025,IMPUESTO CREDITO -LEY 25413,-228.17,21-04,34175301.18 
21/04/2025,RETENCION ARBA,-950.70,21-04,34174350.48 
21/04/2025,IMPUESTO DEBITO -LEY 25413,-5.70,21-04,34174344.78 
21/04/2025,CR.TRAN. 30624944255ETESORERIA GENERAL PCIA BS 00D00,498369.22,21-04,34672714.00 
21/04/2025,IMPUESTO CREDITO -LEY 25413    2000 REGION Y CASA MATRIZ LA P,-2990.22,21-04,34669723.78 
21/04/2025,RETENCION ARBA                 2000 REGION Y CASA MATRIZ LA P,-12459.20,21-04,34657264.58 
21/04/2025,IMPUESTO DEBITO -LEY 25413     2000 REGION Y CASA MATRIZ LA P,-74.76,21-04,34657189.82 
21/04/2025,CR.TRAN. 30624944255ETESORERIA GENERAL PCIA BS 00D00,8274542.23,21-04,42931732.05 
21/04/2025,IMPUESTO CREDITO -LEY 25413    2000 REGION Y CASA MATRIZ LA P,-49647.25,21-04,42882084.80 
21/04/2025,RETENCION ARBA                 2000 REGION Y CASA MATRIZ LA P,-206863.50,21-04,42675221.30 
21/04/2025,IMPUESTO DEBITO -LEY 25413     2000 REGION Y CASA MATRIZ LA P,-1241.18,21-04,42673980.12 
21/04/2025,CR.TRAN. 30624944255ETESORERIA GENERAL PCIA BS 00D00,49299.01,21-04,42723279.13 
21/04/2025,IMPUESTO CREDITO -LEY 25413    2000 REGION Y CASA MATRIZ LA P,-295.79,21-04,42722983.34 
21/04/2025,RETENCION ARBA                 2000 REGION Y CASA MATRIZ LA P,-1232.40,21-04,42721750.94 
21/04/2025,IMPUESTO DEBITO -LEY 25413     2000 REGION Y CASA MATRIZ LA P,-7.39,21-04,42721743.55 
21/04/2025,CR.DEBIN 21/04-S.320458 C:30657033770,1683.54,21-04,42723427.09 
21/04/2025,IMPUESTO CREDITO -LEY 25413,-10.10,21-04,42723416.99 
21/04/2025,RETENCION ARBA,-42.00,21-04,42723374.99 
21/04/2025,IMPUESTO DEBITO -LEY 25413,-0.25,21-04,42723374.74 
21/04/2025,CR.DEBIN 21/04-S.000630 C:30657033770,17825.76,21-04,42741200.50 
21/04/2025,IMPUESTO CREDITO -LEY 25413,-106.95,21-04,42741093.55 
21/04/2025,RETENCION ARBA,-445.60,21-04,42740647.95 
21/04/2025,IMPUESTO DEBITO -LEY 25413,-2.67,21-04,42740645.28 
21/04/2025,CR.DEBIN 21/04-S.587928 C:30657033770,11408.49,21-04,42752053.77 
21/04/2025,IMPUESTO CREDITO -LEY 25413,-68.45,21-04,42751985.32 
21/04/2025,RETENCION ARBA,-285.20,21-04,42751700.12 
21/04/2025,IMPUESTO DEBITO -LEY 25413,-1.71,21-04,42751698.41 
21/04/2025,CR.DEBIN 21/04-S.699264 C:30657033770,9209.98,21-04,42760908.39 
21/04/2025,IMPUESTO CREDITO -LEY 25413,-55.26,21-04,42760853.13 
21/04/2025,RETENCION ARBA,-230.20,21-04,42760622.93 
21/04/2025,IMPUESTO DEBITO -LEY 25413,-1.38,21-04,42760621.55 
21/04/2025,P.SERV 21/04-COM.029422 -ENTE950 -30657033770,-22726.90,21-04,42737894.65 
21/04/2025,IMPUESTO DEBITO -LEY 25413,-136.36,21-04,42737758.29 
21/04/2025,CR.DEBIN 21/04-S.353641 C:30657033770,21787.04,21-04,42759545.33 
21/04/2025,IMPUESTO CREDITO -LEY 25413,-130.72,21-04,42759414.61 
21/04/2025,RETENCION ARBA,-544.60,21-04,42758870.01 
21/04/2025,IMPUESTO DEBITO -LEY 25413,-3.27,21-04,42758866.74 
21/04/2025,CR.DEBIN 21/04-S.903417 C:30657033770,13963.51,21-04,42772830.25 
21/04/2025,IMPUESTO CREDITO -LEY 25413,-83.78,21-04,42772746.47 
21/04/2025,RETENCION ARBA,-349.00,21-04,42772397.47 
21/04/2025,IMPUESTO DEBITO -LEY 25413,-2.09,21-04,42772395.38 
21/04/2025,CR.DEBIN 21/04-S.096452 C:30657033770,23569.62,21-04,42795965.00 
21/04/2025,IMPUESTO CREDITO -LEY 25413,-141.42,21-04,42795823.58 
21/04/2025,RETENCION ARBA,-589.20,21-04,42795234.38 
21/04/2025,IMPUESTO DEBITO -LEY 25413,-3.54,21-04,42795230.84 
21/04/2025,FEDERACION PATR RE.209797768 ID.1300284694000000180425,-9920.18,21-04,42785310.66 
21/04/2025,IMPUESTO DEBITO -LEY 25413     1989 DEBITO DIRECTO Y AUTOMATI,-59.52,21-04,42785251.14 
21/04/2025,REVERSA RETENCION ARBA,206863.50,21-04,42992114.64 
21/04/2025,REVERSA RETENCION ARBA,12459.20,21-04,43004573.84 
21/04/2025,REV. IMP.DEBITO.-LEY 25413,1241.18,21-04,43005815.02 
21/04/2025,REVERSA RETENCION ARBA,1232.40,21-04,43007047.42 
21/04/2025,REV. IMP.DEBITO.-LEY 25413,74.76,21-04,43007122.18 
21/04/2025,REV. IMP.DEBITO.-LEY 25413,7.39,21-04,43007129.57 
21/04/2025,COMISION DATANET,-74.48,21-04,43007055.09 
21/04/2025,IMPUESTO DEBITO -LEY 25413,-0.45,21-04,43007054.64 
21/04/2025,COMISION DATANET,-84.25,21-04,43006970.39 
21/04/2025,IMPUESTO DEBITO -LEY 25413,-0.51,21-04,43006969.88 
21/04/2025,COMISION DATANET,-99.01,21-04,43006870.87 
21/04/2025,IMPUESTO DEBITO -LEY 25413,-0.59,21-04,43006870.28 
21/04/2025,COMISION DATANET,-273.82,21-04,43006596.46 
21/04/2025,IMPUESTO DEBITO -LEY 25413,-1.64,21-04,43006594.82 
21/04/2025,COMISION DATANET,-4137.27,21-04,43002457.55 
21/04/2025,IMPUESTO I.BRUTOS - PERCEPCION,-206.86,21-04,43002250.69 
21/04/2025,IMPUESTO DEBITO -LEY 25413,-24.82,21-04,43002225.87 
21/04/2025,IMPUESTO DEBITO -LEY 25413,-1.24,21-04,43002224.63 
22/04/2025,CR.DEBIN 21/04-S.387713 C:30657033770,46941.17,22-04,43049165.80 
22/04/2025,CR.DEBIN 21/04-S.427696 C:30657033770,13567.38,22-04,43062733.18 
22/04/2025,CR.DEBIN 21/04-S.763737 C:30657033770,6932.24,22-04,43069665.42 
22/04/2025,CR.DEBIN 21/04-S.876106 C:30657033770,4159.34,22-04,43073824.76 
22/04/2025,CR.DEBIN 21/04-S.834867 C:30657033770,3367.09,22-04,43077191.85 
22/04/2025,CHEQUE DE CAMARA 005869896,-2000000.00,22-04,41077191.85 
22/04/2025,IMPUESTO DEBITO -LEY 25413     1950 COMPENSACION DE VALORES,-12000.00,22-04,41065191.85 
22/04/2025,CHEQUE DE CAMARA 009687327,-1000000.00,22-04,40065191.85 
22/04/2025,IMPUESTO DEBITO -LEY 25413     1950 COMPENSACION DE VALORES,-6000.00,22-04,40059191.85 
22/04/2025,CHEQUE DE CAMARA 009687336,-3529407.25,22-04,36529784.60 
22/04/2025,IMPUESTO DEBITO -LEY 25413     1950 COMPENSACION DE VALORES,-21176.44,22-04,36508608.16 
22/04/2025,CHEQUE DE CAMARA 009687423,-1000000.00,22-04,35508608.16 
22/04/2025,IMPUESTO DEBITO -LEY 25413     1950 COMPENSACION DE VALORES,-6000.00,22-04,35502608.16 
22/04/2025,CHEQUE DE CAMARA 009687424,-170030.02,22-04,35332578.14 
22/04/2025,IMPUESTO DEBITO -LEY 25413     1950 COMPENSACION DE VALORES,-1020.18,22-04,35331557.96 
22/04/2025,CR.DEBIN 22/04-S.122576 C:30657033770,5842.89,22-04,35337400.85 
22/04/2025,IMPUESTO CREDITO -LEY 25413,-35.06,22-04,35337365.79 
22/04/2025,RETENCION ARBA,-146.00,22-04,35337219.79 
22/04/2025,IMPUESTO DEBITO -LEY 25413,-0.88,22-04,35337218.91 
22/04/2025,CR.DEBIN 22/04-S.287277 C:30657033770,17330.60,22-04,35354549.51 
22/04/2025,IMPUESTO CREDITO -LEY 25413,-103.98,22-04,35354445.53 
22/04/2025,RETENCION ARBA,-433.20,22-04,35354012.33 
22/04/2025,IMPUESTO DEBITO -LEY 25413,-2.60,22-04,35354009.73 
22/04/2025,PAGOS A COMERCIOS VISA - L. 0000229949 - C. 00003907330,2005821.83,22-04,37359831.56 
22/04/2025,IMPUESTO CREDITO -LEY 25413    1002 MEDIOS DE PAGO,-12034.93,22-04,37347796.63 
22/04/2025,RETENCION ARBA                 1002 MEDIOS DE PAGO,-50145.50,22-04,37297651.13 
22/04/2025,IMPUESTO DEBITO -LEY 25413     1002 MEDIOS DE PAGO,-300.87,22-04,37297350.26 
22/04/2025,PAGOS A COMERCIOS VISA - L. 0000230060 - C. 00003907330,1409394.04,22-04,38706744.30 
22/04/2025,IMPUESTO CREDITO -LEY 25413    1002 MEDIOS DE PAGO,-8456.36,22-04,38698287.94 
22/04/2025,RETENCION ARBA                 1002 MEDIOS DE PAGO,-35234.80,22-04,38663053.14 
22/04/2025,IMPUESTO DEBITO -LEY 25413     1002 MEDIOS DE PAGO,-211.41,22-04,38662841.73 
22/04/2025,PAGOS A COMERCIOS MASTERCARD - L. 0000229908 - C. 00003907330,293262.95,22-04,38956104.68 
22/04/2025,IMPUESTO CREDITO -LEY 25413    1002 MEDIOS DE PAGO,-1759.58,22-04,38954345.10 
22/04/2025,RETENCION ARBA                 1002 MEDIOS DE PAGO,-7331.50,22-04,38947013.60 
22/04/2025,IMPUESTO DEBITO -LEY 25413     1002 MEDIOS DE PAGO,-43.99,22-04,38946969.61 
22/04/2025,PAGOS A COMERCIOS MASTERCARD - L. 0000230005 - C. 00003907330,193429.06,22-04,39140398.67 
22/04/2025,IMPUESTO CREDITO -LEY 25413    1002 MEDIOS DE PAGO,-1160.57,22-04,39139238.10 
22/04/2025,RETENCION ARBA                 1002 MEDIOS DE PAGO,-4835.70,22-04,39134402.40 
22/04/2025,IMPUESTO DEBITO -LEY 25413     1002 MEDIOS DE PAGO,-29.01,22-04,39134373.39 
22/04/2025,PAGOS A COMERCIOS MASTERCARD - L. 0000229940 - C. 00003907330,8926.94,22-04,39143300.33 
22/04/2025,IMPUESTO CREDITO -LEY 25413    1002 MEDIOS DE PAGO,-53.56,22-04,39143246.77 
22/04/2025,RETENCION ARBA                 1002 MEDIOS DE PAGO,-223.10,22-04,39143023.67 
22/04/2025,IMPUESTO DEBITO -LEY 25413     1002 MEDIOS DE PAGO,-1.34,22-04,39143022.33 
22/04/2025,CARGO A COMERCIOS MASTERCARD - L. 0000229806 - C. 00003907330,-3066.36,22-04,39139955.97 
22/04/2025,CHEQUE DE CAMARA 009687337,-1379320.87,22-04,37760635.10 
22/04/2025,IMPUESTO DEBITO -LEY 25413     6952 GENERAL MADARIAGA,-8275.93,22-04,37752359.17 
22/04/2025,CR.DEBIN 22/04-S.874294 C:30657033770,10002.23,22-04,37762361.40 
22/04/2025,IMPUESTO CREDITO -LEY 25413,-60.01,22-04,37762301.39 
22/04/2025,RETENCION ARBA,-250.00,22-04,37762051.39 
22/04/2025,IMPUESTO DEBITO -LEY 25413,-1.50,22-04,37762049.89 
22/04/2025,CR.TRAN. 30624944255ETESORERIA GENERAL PCIA BS 00D00,11421743.40,22-04,49183793.29 
22/04/2025,IMPUESTO CREDITO -LEY 25413    2000 REGION Y CASA MATRIZ LA P,-68530.46,22-04,49115262.83 
22/04/2025,RETENCION ARBA                 2000 REGION Y CASA MATRIZ LA P,-285543.50,22-04,48829719.33 
22/04/2025,IMPUESTO DEBITO -LEY 25413     2000 REGION Y CASA MATRIZ LA P,-1713.26,22-04,48828006.07 
22/04/2025,CR.DEBIN 22/04-S.949766 C:30657033770,40603.12,22-04,48868609.19 
22/04/2025,IMPUESTO CREDITO -LEY 25413,-243.62,22-04,48868365.57 
22/04/2025,RETENCION ARBA,-1015.00,22-04,48867350.57 
22/04/2025,IMPUESTO DEBITO -LEY 25413,-6.09,22-04,48867344.48 
22/04/2025,CR.TRAN. 33593283319 CORREGIDOR SA,2764199.10,22-04,51631543.58 
22/04/2025,IMPUESTO CREDITO -LEY 25413    0001,-16585.19,22-04,51614958.39 
22/04/2025,RETENCION ARBA                 0001,-69104.90,22-04,51545853.49 
22/04/2025,IMPUESTO DEBITO -LEY 25413     0001,-414.63,22-04,51545438.86 
22/04/2025,CR.TRAN. 30624944255ETESORERIA GENERAL PCIA BS 00D00,542050.18,22-04,52087489.04 
22/04/2025,IMPUESTO CREDITO -LEY 25413    2000 REGION Y CASA MATRIZ LA P,-3252.30,22-04,52084236.74 
22/04/2025,RETENCION ARBA                 2000 REGION Y CASA MATRIZ LA P,-13551.20,22-04,52070685.54 
22/04/2025,IMPUESTO DEBITO -LEY 25413     2000 REGION Y CASA MATRIZ LA P,-81.31,22-04,52070604.23 
22/04/2025,CR.DEBIN 22/04-S.003967 C:30657033770,32878.62,22-04,52103482.85 
22/04/2025,IMPUESTO CREDITO -LEY 25413,-197.27,22-04,52103285.58 
22/04/2025,RETENCION ARBA,-821.90,22-04,52102463.68 
22/04/2025,IMPUESTO DEBITO -LEY 25413,-4.93,22-04,52102458.75 
22/04/2025,CR.DEBIN 22/04-S.195887 C:30657033770,23767.68,22-04,52126226.43 
22/04/2025,IMPUESTO CREDITO -LEY 25413,-142.61,22-04,52126083.82 
22/04/2025,RETENCION ARBA,-594.10,22-04,52125489.72 
22/04/2025,IMPUESTO DEBITO -LEY 25413,-3.56,22-04,52125486.16 
22/04/2025,CR.DEBIN 22/04-S.785704 C:30657033770,3367.09,22-04,52128853.25 
22/04/2025,IMPUESTO CREDITO -LEY 25413,-20.20,22-04,52128833.05 
22/04/2025,RETENCION ARBA,-84.10,22-04,52128748.95 
22/04/2025,IMPUESTO DEBITO -LEY 25413,-0.50,22-04,52128748.45 
22/04/2025,CR.DEBIN 22/04-S.446062 C:30657033770,1584.51,22-04,52130332.96 
22/04/2025,IMPUESTO CREDITO -LEY 25413,-9.51,22-04,52130323.45 
22/04/2025,RETENCION ARBA,-39.60,22-04,52130283.85 
22/04/2025,IMPUESTO DEBITO -LEY 25413,-0.24,22-04,52130283.61 
22/04/2025,CR.DEBIN 22/04-S.506625 C:30657033770,24361.87,22-04,52154645.48 
22/04/2025,IMPUESTO CREDITO -LEY 25413,-146.17,22-04,52154499.31 
22/04/2025,RETENCION ARBA,-609.00,22-04,52153890.31 
22/04/2025,IMPUESTO DEBITO -LEY 25413,-3.65,22-04,52153886.66 
22/04/2025,CR.DEBIN 22/04-S.032170 C:30657033770,8912.88,22-04,52162799.54 
22/04/2025,IMPUESTO CREDITO -LEY 25413,-53.48,22-04,52162746.06 
22/04/2025,RETENCION ARBA,-222.80,22-04,52162523.26 
22/04/2025,IMPUESTO DEBITO -LEY 25413,-1.34,22-04,52162521.92 
22/04/2025,REVERSA RETENCION ARBA,285543.50,22-04,52448065.42 
22/04/2025,REVERSA RETENCION ARBA,13551.20,22-04,52461616.62 
22/04/2025,REV. IMP.DEBITO.-LEY 25413,1713.26,22-04,52463329.88 
22/04/2025,REV. IMP.DEBITO.-LEY 25413,81.31,22-04,52463411.19 
22/04/2025,COMISION DATANET,-271.02,22-04,52463140.17 
22/04/2025,IMPUESTO DEBITO -LEY 25413,-1.63,22-04,52463138.54 
22/04/2025,COMISION DATANET,-1382.09,22-04,52461756.45 
22/04/2025,IMPUESTO DEBITO -LEY 25413,-8.29,22-04,52461748.16 
22/04/2025,COMISION DATANET,-5710.87,22-04,52456037.29 
22/04/2025,IMPUESTO I.BRUTOS - PERCEPCION,-285.54,22-04,52455751.75 
22/04/2025,IMPUESTO DEBITO -LEY 25413,-34.27,22-04,52455717.48 
22/04/2025,IMPUESTO DEBITO -LEY 25413,-1.71,22-04,52455715.77 
23/04/2025,CR.DEBIN 22/04-S.469323 C:30657033770,47485.84,23-04,52503201.61 
23/04/2025,CR.DEBIN 22/04-S.496743 C:30657033770,35651.52,23-04,52538853.13 
23/04/2025,CR.DEBIN 22/04-S.537695 C:30657033770,24460.90,23-04,52563314.03 
23/04/2025,CR.DEBIN 22/04-S.116407 C:30657033770,13369.32,23-04,52576683.35 
23/04/2025,CR.DEBIN 22/04-S.550111 C:30657033770,10596.42,23-04,52587279.77 
23/04/2025,CR.DEBIN 22/04-S.525391 C:30657033770,10101.26,23-04,52597381.03 
23/04/2025,CR.DEBIN 22/04-S.195140 C:30657033770,9259.49,23-04,52606640.52 
23/04/2025,CR.DEBIN 22/04-S.809257 C:30657033770,9190.17,23-04,52615830.69 
23/04/2025,CR.DEBIN 22/04-S.851873 C:30657033770,8912.88,23-04,52624743.57 
23/04/2025,CR.DEBIN 22/04-S.484393 C:30657033770,7407.59,23-04,52632151.16 
23/04/2025,CR.DEBIN 22/04-S.269878 C:30657033770,5941.92,23-04,52638093.08 
23/04/2025,CR.DEBIN 22/04-S.533017 C:30657033770,4456.44,23-04,52642549.52 
23/04/2025,CR.DEBIN 22/04-S.852299 C:30657033770,3812.73,23-04,52646362.25 
23/04/2025,CR.DEBIN 22/04-S.810545 C:30657033770,3367.09,23-04,52649729.34 
23/04/2025,CHEQUE DE CAMARA 009687412,-764000.00,23-04,51885729.34 
23/04/2025,IMPUESTO DEBITO -LEY 25413     1950 COMPENSACION DE VALORES,-4584.00,23-04,51881145.34 
23/04/2025,CHEQUE DE CAMARA 009687415,-1041351.85,23-04,50839793.49 
23/04/2025,IMPUESTO DEBITO -LEY 25413     1950 COMPENSACION DE VALORES,-6248.11,23-04,50833545.38 
23/04/2025,CHEQUE DE CAMARA 009687420,-1500000.00,23-04,49333545.38 
23/04/2025,IMPUESTO DEBITO -LEY 25413     1950 COMPENSACION DE VALORES,-9000.00,23-04,49324545.38 
23/04/2025,CHEQUE DE CAMARA 006740383,-278450.22,23-04,49046095.16 
23/04/2025,IMPUESTO DEBITO -LEY 25413     5015 CALLE 12 (LA PLATA),-1670.70,23-04,49044424.46 
23/04/2025,CR.DEBIN 23/04-S.022398 C:30657033770,4753.54,23-04,49049178.00 
23/04/2025,IMPUESTO CREDITO -LEY 25413,-28.52,23-04,49049149.48 
23/04/2025,RETENCION ARBA,-118.80,23-04,49049030.68 
23/04/2025,IMPUESTO DEBITO -LEY 25413,-0.71,23-04,49049029.97 
23/04/2025,CR.DEBIN 23/04-S.270808 C:30657033770,2970.96,23-04,49052000.93 
23/04/2025,IMPUESTO CREDITO -LEY 25413,-17.83,23-04,49051983.10 
23/04/2025,RETENCION ARBA,-74.20,23-04,49051908.90 
23/04/2025,IMPUESTO DEBITO -LEY 25413,-0.45,23-04,49051908.45 
23/04/2025,CR.DEBIN 23/04-S.757093 C:30657033770,17924.79,23-04,49069833.24 
23/04/2025,IMPUESTO CREDITO -LEY 25413,-107.55,23-04,49069725.69 
23/04/2025,RETENCION ARBA,-448.10,23-04,49069277.59 
23/04/2025,IMPUESTO DEBITO -LEY 25413,-2.69,23-04,49069274.90 
23/04/2025,PAGOS A COMERCIOS VISA - L. 0000230254 - C. 00003907330,393869.50,23-04,49463144.40 
23/04/2025,IMPUESTO CREDITO -LEY 25413    1002 MEDIOS DE PAGO,-2363.22,23-04,49460781.18 
23/04/2025,RETENCION ARBA                 1002 MEDIOS DE PAGO,-9846.70,23-04,49450934.48 
23/04/2025,IMPUESTO DEBITO -LEY 25413     1002 MEDIOS DE PAGO,-59.08,23-04,49450875.40 
23/04/2025,PAGOS A COMERCIOS VISA - L. 0000230151 - C. 00003907330,323298.59,23-04,49774173.99 
23/04/2025,IMPUESTO CREDITO -LEY 25413    1002 MEDIOS DE PAGO,-1939.79,23-04,49772234.20 
23/04/2025,RETENCION ARBA                 1002 MEDIOS DE PAGO,-8082.40,23-04,49764151.80 
23/04/2025,IMPUESTO DEBITO -LEY 25413     1002 MEDIOS DE PAGO,-48.49,23-04,49764103.31 
23/04/2025,PAGOS A COMERCIOS MASTERCARD - L. 0000230195 - C. 00003907330,28644.27,23-04,49792747.58 
23/04/2025,IMPUESTO CREDITO -LEY 25413    1002 MEDIOS DE PAGO,-171.87,23-04,49792575.71 
23/04/2025,RETENCION ARBA                 1002 MEDIOS DE PAGO,-716.10,23-04,49791859.61 
23/04/2025,IMPUESTO DEBITO -LEY 25413     1002 MEDIOS DE PAGO,-4.30,23-04,49791855.31 
23/04/2025,PAGOS A COMERCIOS MASTERCARD - L. 0000230117 - C. 00003907330,4948.63,23-04,49796803.94 
23/04/2025,IMPUESTO CREDITO -LEY 25413    1002 MEDIOS DE PAGO,-29.69,23-04,49796774.25 
23/04/2025,RETENCION ARBA                 1002 MEDIOS DE PAGO,-123.70,23-04,49796650.55 
23/04/2025,IMPUESTO DEBITO -LEY 25413     1002 MEDIOS DE PAGO,-0.74,23-04,49796649.81 
23/04/2025,CARGO A COMERCIOS MASTERCARD - L. 0000230023 - C. 00003907330,-15188.79,23-04,49781461.02 
23/04/2025,CR.DEBIN 23/04-S.053254 C:30657033770,4654.50,23-04,49786115.52 
23/04/2025,IMPUESTO CREDITO -LEY 25413,-27.93,23-04,49786087.59 
23/04/2025,RETENCION ARBA,-116.30,23-04,49785971.29 
23/04/2025,IMPUESTO DEBITO -LEY 25413,-0.70,23-04,49785970.59 
23/04/2025,CR.DEBIN 23/04-S.491534 C:30657033770,21291.88,23-04,49807262.47 
23/04/2025,IMPUESTO CREDITO -LEY 25413,-127.75,23-04,49807134.72 
23/04/2025,RETENCION ARBA,-532.20,23-04,49806602.52 
23/04/2025,IMPUESTO DEBITO -LEY 25413,-3.19,23-04,49806599.33 
23/04/2025,CRED.TRF.23/04-C.995443 D:30519887335 N:MICROSULES ARGE,200000.00,23-04,50006599.33 
23/04/2025,IMPUESTO CREDITO -LEY 25413,-1200.00,23-04,50005399.33 
23/04/2025,RETENCION ARBA,-5000.00,23-04,50000399.33 
23/04/2025,IMPUESTO DEBITO -LEY 25413,-30.00,23-04,50000369.33 
23/04/2025,CR.DEBIN 23/04-S.808627 C:30657033770,15845.12,23-04,50016214.45 
23/04/2025,IMPUESTO CREDITO -LEY 25413,-95.07,23-04,50016119.38 
23/04/2025,RETENCION ARBA,-396.10,23-04,50015723.28 
23/04/2025,IMPUESTO DEBITO -LEY 25413,-2.38,23-04,50015720.90 
23/04/2025,CR.DEBIN 23/04-S.476386 C:30657033770,18816.08,23-04,50034536.98 
23/04/2025,IMPUESTO CREDITO -LEY 25413,-112.90,23-04,50034424.08 
23/04/2025,RETENCION ARBA,-470.40,23-04,50033953.68 
23/04/2025,IMPUESTO DEBITO -LEY 25413,-2.82,23-04,50033950.86 
23/04/2025,CR.TRAN. 30715803891 RAPPI ARG SAS,39650.57,23-04,50073601.43 
23/04/2025,IMPUESTO CREDITO -LEY 25413    0814,-237.90,23-04,50073363.53 
23/04/2025,RETENCION ARBA                 0814,-991.20,23-04,50072372.33 
23/04/2025,IMPUESTO DEBITO -LEY 25413     0814,-5.95,23-04,50072366.38 
23/04/2025,CR.DEBIN 23/04-S.494856 C:30657033770,14854.80,23-04,50087221.18 
23/04/2025,IMPUESTO CREDITO -LEY 25413,-89.13,23-04,50087132.05 
23/04/2025,RETENCION ARBA,-371.30,23-04,50086760.75 
23/04/2025,IMPUESTO DEBITO -LEY 25413,-2.23,23-04,50086758.52 
23/04/2025,CR.DEBIN 23/04-S.141031 C:30657033770,13963.51,23-04,50100722.03 
23/04/2025,IMPUESTO CREDITO -LEY 25413,-83.78,23-04,50100638.25 
23/04/2025,RETENCION ARBA,-349.00,23-04,50100289.25 
23/04/2025,IMPUESTO DEBITO -LEY 25413,-2.09,23-04,50100287.16 
23/04/2025,BIP DB TR 23/04-C.000324738627 DES:0014-01-624300514640,-2272000.00,23-04,47828287.16 
23/04/2025,IMPUESTO DEBITO -LEY 25413,-13632.00,23-04,47814655.16 
23/04/2025,COMISION TRANSFERENCIA/GIRO,-3350.00,23-04,47811305.16 
23/04/2025,CR.DEBIN 23/04-S.402094 C:30657033770,14755.77,23-04,47826060.93 
23/04/2025,IMPUESTO CREDITO -LEY 25413,-88.53,23-04,47825972.40 
23/04/2025,RETENCION ARBA,-368.80,23-04,47825603.60 
23/04/2025,IMPUESTO DEBITO -LEY 25413,-2.21,23-04,47825601.39 
23/04/2025,CR.DEBIN 23/04-S.521785 C:30657033770,23074.46,23-04,47848675.85 
23/04/2025,IMPUESTO CREDITO -LEY 25413,-138.45,23-04,47848537.40 
23/04/2025,RETENCION ARBA,-576.80,23-04,47847960.60 
23/04/2025,IMPUESTO DEBITO -LEY 25413,-3.46,23-04,47847957.14 
23/04/2025,CR.DEBIN 23/04-S.405765 C:30657033770,24758.00,23-04,47872715.14 
23/04/2025,IMPUESTO CREDITO -LEY 25413,-148.55,23-04,47872566.59 
23/04/2025,RETENCION ARBA,-618.90,23-04,47871947.69 
23/04/2025,IMPUESTO DEBITO -LEY 25413,-3.71,23-04,47871943.98 
23/04/2025,CR.DEBIN 23/04-S.847442 C:30657033770,7427.40,23-04,47879371.38 
23/04/2025,IMPUESTO CREDITO -LEY 25413,-44.56,23-04,47879326.82 
23/04/2025,RETENCION ARBA,-185.60,23-04,47879141.22 
23/04/2025,IMPUESTO DEBITO -LEY 25413,-1.11,23-04,47879140.11 
23/04/2025,CR.DEBIN 23/04-S.565872 C:30657033770,8912.88,23-04,47888052.99 
23/04/2025,IMPUESTO CREDITO -LEY 25413,-53.48,23-04,47887999.51 
23/04/2025,RETENCION ARBA,-222.80,23-04,47887776.71 
23/04/2025,IMPUESTO DEBITO -LEY 25413,-1.34,23-04,47887775.37 
23/04/2025,CR.DEBIN 23/04-S.647408 C:30657033770,8912.88,23-04,47896688.25 
23/04/2025,IMPUESTO CREDITO -LEY 25413,-53.48,23-04,47896634.77 
23/04/2025,RETENCION ARBA,-222.80,23-04,47896411.97 
23/04/2025,IMPUESTO DEBITO -LEY 25413,-1.34,23-04,47896410.63 
23/04/2025,CR.DEBIN 23/04-S.876040 C:30657033770,14953.83,23-04,47911364.46 
23/04/2025,IMPUESTO CREDITO -LEY 25413,-89.72,23-04,47911274.74 
23/04/2025,RETENCION ARBA,-373.80,23-04,47910900.94 
23/04/2025,IMPUESTO DEBITO -LEY 25413,-2.24,23-04,47910898.70 
24/04/2025,CR.DEBIN 23/04-S.832002 C:30657033770,24361.87,24-04,47935260.57 
24/04/2025,CR.DEBIN 23/04-S.790811 C:30657033770,6437.08,24-04,47941697.65 
24/04/2025,CR.DEBIN 23/04-S.469876 C:30657033770,4753.54,24-04,47946451.19 
24/04/2025,CR.DEBIN 24/04-S.978700 C:30657033770,5595.31,24-04,47952046.50 
24/04/2025,IMPUESTO CREDITO -LEY 25413,-33.57,24-04,47952012.93 
24/04/2025,RETENCION ARBA,-139.80,24-04,47951873.13 
24/04/2025,IMPUESTO DEBITO -LEY 25413,-0.84,24-04,47951872.29 
24/04/2025,PAGOS A COMERCIOS VISA - L. 0000230338 - C. 00003907330,421274.72,24-04,48373147.01 
24/04/2025,IMPUESTO CREDITO -LEY 25413    1002 MEDIOS DE PAGO,-2527.65,24-04,48370619.36 
24/04/2025,RETENCION ARBA                 1002 MEDIOS DE PAGO,-10531.80,24-04,48360087.56 
24/04/2025,IMPUESTO DEBITO -LEY 25413     1002 MEDIOS DE PAGO,-63.19,24-04,48360024.37 
24/04/2025,PAGOS A COMERCIOS VISA - L. 0000230414 - C. 00003907330,399939.22,24-04,48759963.59 
24/04/2025,IMPUESTO CREDITO -LEY 25413    1002 MEDIOS DE PAGO,-2399.64,24-04,48757563.95 
24/04/2025,RETENCION ARBA                 1002 MEDIOS DE PAGO,-9998.40,24-04,48747565.55 
24/04/2025,IMPUESTO DEBITO -LEY 25413     1002 MEDIOS DE PAGO,-59.99,24-04,48747505.56 
24/04/2025,PAGOS A COMERCIOS MASTERCARD - L. 0000230310 - C. 00003907330,81846.49,24-04,48829352.05 
24/04/2025,IMPUESTO CREDITO -LEY 25413    1002 MEDIOS DE PAGO,-491.08,24-04,48828860.97 
24/04/2025,RETENCION ARBA                 1002 MEDIOS DE PAGO,-2046.10,24-04,48826814.87 
24/04/2025,IMPUESTO DEBITO -LEY 25413     1002 MEDIOS DE PAGO,-12.28,24-04,48826802.59 
24/04/2025,PAGOS A COMERCIOS MASTERCARD - L. 0000230385 - C. 00003907330,25450.50,24-04,48852253.09 
24/04/2025,IMPUESTO CREDITO -LEY 25413    1002 MEDIOS DE PAGO,-152.70,24-04,48852100.39 
24/04/2025,RETENCION ARBA                 1002 MEDIOS DE PAGO,-636.20,24-04,48851464.19 
24/04/2025,IMPUESTO DEBITO -LEY 25413     1002 MEDIOS DE PAGO,-3.82,24-04,48851460.37 
24/04/2025,CARGO A COMERCIOS MASTERCARD - L. 0000230222 - C. 00003907330,-4801.33,24-04,48846659.04 
24/04/2025,CR.DEBIN 24/04-S.140728 C:30657033770,11388.68,24-04,48858047.72 
24/04/2025,IMPUESTO CREDITO -LEY 25413,-68.33,24-04,48857979.39 
24/04/2025,RETENCION ARBA,-284.70,24-04,48857694.69 
24/04/2025,IMPUESTO DEBITO -LEY 25413,-1.71,24-04,48857692.98 
24/04/2025,CR.DEBIN 24/04-S.942409 C:30657033770,16637.38,24-04,48874330.36 
24/04/2025,IMPUESTO CREDITO -LEY 25413,-99.82,24-04,48874230.54 
24/04/2025,RETENCION ARBA,-415.90,24-04,48873814.64 
24/04/2025,IMPUESTO DEBITO -LEY 25413,-2.50,24-04,48873812.14 
24/04/2025,CR.DEBIN 24/04-S.521884 C:30657033770,6437.08,24-04,48880249.22 
24/04/2025,IMPUESTO CREDITO -LEY 25413,-38.62,24-04,48880210.60 
24/04/2025,RETENCION ARBA,-160.90,24-04,48880049.70 
24/04/2025,IMPUESTO DEBITO -LEY 25413,-0.97,24-04,48880048.73 
24/04/2025,CR.DEBIN 24/04-S.498125 C:30657033770,15845.12,24-04,48895893.85 
24/04/2025,IMPUESTO CREDITO -LEY 25413,-95.07,24-04,48895798.78 
24/04/2025,RETENCION ARBA,-396.10,24-04,48895402.68 
24/04/2025,IMPUESTO DEBITO -LEY 25413,-2.38,24-04,48895400.30 
24/04/2025,CR.DEBIN 24/04-S.233382 C:30657033770,21093.82,24-04,48916494.12 
24/04/2025,IMPUESTO CREDITO -LEY 25413,-126.56,24-04,48916367.56 
24/04/2025,RETENCION ARBA,-527.30,24-04,48915840.26 
24/04/2025,IMPUESTO DEBITO -LEY 25413,-3.16,24-04,48915837.10 
24/04/2025,CR.DEBIN 24/04-S.505193 C:30657033770,7130.30,24-04,48922967.40 
24/04/2025,IMPUESTO CREDITO -LEY 25413,-42.78,24-04,48922924.62 
24/04/2025,RETENCION ARBA,-178.20,24-04,48922746.42 
24/04/2025,IMPUESTO DEBITO -LEY 25413,-1.07,24-04,48922745.35 
24/04/2025,CR.DEBIN 24/04-S.539129 C:30657033770,3866.21,24-04,48926611.56 
24/04/2025,IMPUESTO CREDITO -LEY 25413,-23.20,24-04,48926588.36 
24/04/2025,RETENCION ARBA,-96.60,24-04,48926491.76 
24/04/2025,IMPUESTO DEBITO -LEY 25413,-0.58,24-04,48926491.18 
24/04/2025,CR.DEBIN 24/04-S.203896 C:30657033770,41098.28,24-04,48967589.46 
24/04/2025,IMPUESTO CREDITO -LEY 25413,-246.59,24-04,48967342.87 
24/04/2025,RETENCION ARBA,-1027.40,24-04,48966315.47 
24/04/2025,IMPUESTO DEBITO -LEY 25413,-6.16,24-04,48966309.31 
24/04/2025,CR.DEBIN 24/04-S.520718 C:30657033770,15845.12,24-04,48982154.43 
24/04/2025,IMPUESTO CREDITO -LEY 25413,-95.07,24-04,48982059.36 
24/04/2025,RETENCION ARBA,-396.10,24-04,48981663.26 
24/04/2025,IMPUESTO DEBITO -LEY 25413,-2.38,24-04,48981660.88 
24/04/2025,CR.DEBIN 24/04-S.564609 C:30657033770,7922.56,24-04,48989583.44 
24/04/2025,IMPUESTO CREDITO -LEY 25413,-47.54,24-04,48989535.90 
24/04/2025,RETENCION ARBA,-198.00,24-04,48989337.90 
24/04/2025,IMPUESTO DEBITO -LEY 25413,-1.19,24-04,48989336.71 
24/04/2025,CRED.TRF.24/04-C.125467 D:30504294222 N:LABORATORIOS RI,200000.00,24-04,49189336.71 
24/04/2025,IMPUESTO CREDITO -LEY 25413,-1200.00,24-04,49188136.71 
24/04/2025,RETENCION ARBA,-5000.00,24-04,49183136.71 
24/04/2025,IMPUESTO DEBITO -LEY 25413,-30.00,24-04,49183106.71 
24/04/2025,CR.TRAN. 30624944255ETESORERIA GENERAL PCIA BS 00D00,524383.40,24-04,49707490.11 
24/04/2025,IMPUESTO CREDITO -LEY 25413    2000 REGION Y CASA MATRIZ LA P,-3146.30,24-04,49704343.81 
24/04/2025,RETENCION ARBA                 2000 REGION Y CASA MATRIZ LA P,-13109.50,24-04,49691234.31 
24/04/2025,IMPUESTO DEBITO -LEY 25413     2000 REGION Y CASA MATRIZ LA P,-78.66,24-04,49691155.65 
24/04/2025,CR.DEBIN 24/04-S.038749 C:30657033770,16538.34,24-04,49707693.99 
24/04/2025,IMPUESTO CREDITO -LEY 25413,-99.23,24-04,49707594.76 
24/04/2025,RETENCION ARBA,-413.40,24-04,49707181.36 
24/04/2025,IMPUESTO DEBITO -LEY 25413,-2.48,24-04,49707178.88 
24/04/2025,CR.TRAN. 30624944255ETESORERIA GENERAL PCIA BS 00D00,21401466.31,24-04,71108645.19 
24/04/2025,IMPUESTO CREDITO -LEY 25413    2000 REGION Y CASA MATRIZ LA P,-128408.80,24-04,70980236.39 
24/04/2025,RETENCION ARBA                 2000 REGION Y CASA MATRIZ LA P,-535036.60,24-04,70445199.79 
24/04/2025,IMPUESTO DEBITO -LEY 25413     2000 REGION Y CASA MATRIZ LA P,-3210.22,24-04,70441989.57 
24/04/2025,CR.TRAN. 30548950704 FEDERACION ODONTOLOGICA DE LA,376636.72,24-04,70818626.29 
24/04/2025,IMPUESTO CREDITO -LEY 25413    4930,-2259.82,24-04,70816366.47 
24/04/2025,RETENCION ARBA                 4930,-9415.90,24-04,70806950.57 
24/04/2025,IMPUESTO DEBITO -LEY 25413     4930,-56.50,24-04,70806894.07 
24/04/2025,CR.TRA. FED ARG COOP F 30537234845BCO. 191 REF.FAC,194731.82,24-04,71001625.89 
24/04/2025,IMPUESTO CREDITO -LEY 25413,-1168.39,24-04,71000457.50 
24/04/2025,RETENCION ARBA,-4868.20,24-04,70995589.30 
24/04/2025,IMPUESTO DEBITO -LEY 25413,-29.21,24-04,70995560.09 
24/04/2025,REVERSA RETENCION ARBA,535036.60,24-04,71530596.69 
24/04/2025,REVERSA RETENCION ARBA,13109.50,24-04,71543706.19 
24/04/2025,REV. IMP.DEBITO.-LEY 25413,3210.22,24-04,71546916.41 
24/04/2025,REV. IMP.DEBITO.-LEY 25413,78.66,24-04,71546995.07 
24/04/2025,COMISION DATANET,-188.31,24-04,71546806.76 
24/04/2025,IMPUESTO DEBITO -LEY 25413,-1.13,24-04,71546805.63 
24/04/2025,COMISION DATANET,-262.19,24-04,71546543.44 
24/04/2025,IMPUESTO DEBITO -LEY 25413,-1.57,24-04,71546541.87 
24/04/2025,COMISION DATANET,-10700.73,24-04,71535841.14 
24/04/2025,IMPUESTO I.BRUTOS - PERCEPCION,-535.04,24-04,71535306.10 
24/04/2025,IMPUESTO DEBITO -LEY 25413,-64.20,24-04,71535241.90 
24/04/2025,IMPUESTO DEBITO -LEY 25413,-3.21,24-04,71535238.69 
25/04/2025,CR.DEBIN 24/04-S.725619 C:30657033770,22183.17,25-04,71557421.86 
25/04/2025,CR.DEBIN 24/04-S.687255 C:30657033770,9903.20,25-04,71567325.06 
25/04/2025,CR.DEBIN 24/04-S.659535 C:30657033770,7823.53,25-04,71575148.59 
25/04/2025,CR.DEBIN 24/04-S.091340 C:30657033770,5644.82,25-04,71580793.41 
25/04/2025,CR.DEBIN 24/04-S.086134 C:30657033770,4654.50,25-04,71585447.91 
25/04/2025,CHEQUE DE CAMARA 009687414,-1735102.77,25-04,69850345.14 
25/04/2025,IMPUESTO DEBITO -LEY 25413     1950 COMPENSACION DE VALORES,-10410.62,25-04,69839934.52 
25/04/2025,CHEQUE DE CAMARA 009687418,-1130722.97,25-04,68709211.55 
25/04/2025,IMPUESTO DEBITO -LEY 25413     1950 COMPENSACION DE VALORES,-6784.34,25-04,68702427.21 
25/04/2025,CR.TRAN. 30574816870 AMERICAN EXPRESS,86169.20,25-04,68788596.41 
25/04/2025,IMPUESTO CREDITO -LEY 25413    0001,-517.02,25-04,68788079.39 
25/04/2025,RETENCION ARBA                 0001,-2154.20,25-04,68785925.19 
25/04/2025,IMPUESTO DEBITO -LEY 25413     0001,-12.93,25-04,68785912.26 
25/04/2025,PAGOS A COMERCIOS VISA - L. 0000230578 - C. 00003907330,671595.78,25-04,69457508.04 
25/04/2025,IMPUESTO CREDITO -LEY 25413    1002 MEDIOS DE PAGO,-4029.57,25-04,69453478.47 
25/04/2025,RETENCION ARBA                 1002 MEDIOS DE PAGO,-16789.80,25-04,69436688.67 
25/04/2025,IMPUESTO DEBITO -LEY 25413     1002 MEDIOS DE PAGO,-100.74,25-04,69436587.93 
25/04/2025,PAGOS A COMERCIOS VISA - L. 0000230507 - C. 00003907330,520983.85,25-04,69957571.78 
25/04/2025,IMPUESTO CREDITO -LEY 25413    1002 MEDIOS DE PAGO,-3125.90,25-04,69954445.88 
25/04/2025,RETENCION ARBA                 1002 MEDIOS DE PAGO,-13024.50,25-04,69941421.38 
25/04/2025,IMPUESTO DEBITO -LEY 25413     1002 MEDIOS DE PAGO,-78.15,25-04,69941343.23 
25/04/2025,PAGOS A COMERCIOS MASTERCARD - L. 0000230479 - C. 00003907330,108384.74,25-04,70049727.97 
25/04/2025,IMPUESTO CREDITO -LEY 25413    1002 MEDIOS DE PAGO,-650.31,25-04,70049077.66 
25/04/2025,RETENCION ARBA                 1002 MEDIOS DE PAGO,-2709.60,25-04,70046368.06 
25/04/2025,IMPUESTO DEBITO -LEY 25413     1002 MEDIOS DE PAGO,-16.26,25-04,70046351.80 
25/04/2025,PAGOS A COMERCIOS MASTERCARD - L. 0000230550 - C. 00003907330,39965.28,25-04,70086317.08 
25/04/2025,IMPUESTO CREDITO -LEY 25413    1002 MEDIOS DE PAGO,-239.79,25-04,70086077.29 
25/04/2025,RETENCION ARBA                 1002 MEDIOS DE PAGO,-999.10,25-04,70085078.19 
25/04/2025,IMPUESTO DEBITO -LEY 25413     1002 MEDIOS DE PAGO,-5.99,25-04,70085072.20 
25/04/2025,CR.DEBIN 25/04-S.185752 C:30538070161,200000.00,25-04,70285072.20 
25/04/2025,IMPUESTO CREDITO -LEY 25413,-1200.00,25-04,70283872.20 
25/04/2025,RETENCION ARBA,-5000.00,25-04,70278872.20 
25/04/2025,IMPUESTO DEBITO -LEY 25413,-30.00,25-04,70278842.20 
25/04/2025,CR.DEBIN 25/04-S.610762 C:30657033770,30402.82,25-04,70309245.02 
25/04/2025,IMPUESTO CREDITO -LEY 25413,-182.42,25-04,70309062.60 
25/04/2025,RETENCION ARBA,-760.00,25-04,70308302.60 
25/04/2025,IMPUESTO DEBITO -LEY 25413,-4.56,25-04,70308298.04 
25/04/2025,CR.DEBIN 25/04-S.486394 C:30657033770,23767.68,25-04,70332065.72 
25/04/2025,IMPUESTO CREDITO -LEY 25413,-142.61,25-04,70331923.11 
25/04/2025,RETENCION ARBA,-594.10,25-04,70331329.01 
25/04/2025,IMPUESTO DEBITO -LEY 25413,-3.56,25-04,70331325.45 
25/04/2025,DB.DEBIN 25/04-S.083691 C:20352050564,-1152000.00,25-04,69179325.45 
25/04/2025,IMPUESTO DEBITO -LEY 25413,-6912.00,25-04,69172413.45 
25/04/2025,BIP DB.TR.25/04-C.298007 D:20107930273 N:CASSISI, JOSE,-1000000.00,25-04,68172413.45 
25/04/2025,IMPUESTO DEBITO -LEY 25413,-6000.00,25-04,68166413.45 
25/04/2025,COMISION TRANSFERENCIA/GIRO,-3350.00,25-04,68163063.45 
25/04/2025,CR.TRAN. 30516155074 SINTEC TUR S.A.,1161839.28,25-04,69324902.73 
25/04/2025,IMPUESTO CREDITO -LEY 25413    0931,-6971.04,25-04,69317931.69 
25/04/2025,RETENCION ARBA                 0931,-29045.90,25-04,69288885.79 
25/04/2025,IMPUESTO DEBITO -LEY 25413     0931,-174.28,25-04,69288711.51 
25/04/2025,CR.DEBIN 25/04-S.555211 C:30657033770,26837.67,25-04,69315549.18 
25/04/2025,IMPUESTO CREDITO -LEY 25413,-161.03,25-04,69315388.15 
25/04/2025,RETENCION ARBA,-670.90,25-04,69314717.25 
25/04/2025,IMPUESTO DEBITO -LEY 25413,-4.03,25-04,69314713.22 
25/04/2025,CR.DEBIN 25/04-S.556281 C:30657033770,12973.19,25-04,69327686.41 
25/04/2025,IMPUESTO CREDITO -LEY 25413,-77.84,25-04,69327608.57 
25/04/2025,RETENCION ARBA,-324.30,25-04,69327284.27 
25/04/2025,IMPUESTO DEBITO -LEY 25413,-1.95,25-04,69327282.32 
25/04/2025,CR.DEBIN 25/04-S.282973 C:30657033770,18816.08,25-04,69346098.40 
25/04/2025,IMPUESTO CREDITO -LEY 25413,-112.90,25-04,69345985.50 
25/04/2025,RETENCION ARBA,-470.40,25-04,69345515.10 
25/04/2025,IMPUESTO DEBITO -LEY 25413,-2.82,25-04,69345512.28 
25/04/2025,CR.DEBIN 25/04-S.289320 C:30657033770,7922.56,25-04,69353434.84 
25/04/2025,IMPUESTO CREDITO -LEY 25413,-47.54,25-04,69353387.30 
25/04/2025,RETENCION ARBA,-198.00,25-04,69353189.30 
25/04/2025,IMPUESTO DEBITO -LEY 25413,-1.19,25-04,69353188.11 
25/04/2025,CR.DEBIN 25/04-S.054492 C:30657033770,19806.40,25-04,69372994.51 
25/04/2025,IMPUESTO CREDITO -LEY 25413,-118.84,25-04,69372875.67 
25/04/2025,RETENCION ARBA,-495.10,25-04,69372380.57 
25/04/2025,IMPUESTO DEBITO -LEY 25413,-2.97,25-04,69372377.60 
25/04/2025,CR.DEBIN 25/04-S.736711 C:30657033770,18915.11,25-04,69391292.71 
25/04/2025,IMPUESTO CREDITO -LEY 25413,-113.49,25-04,69391179.22 
25/04/2025,RETENCION ARBA,-472.80,25-04,69390706.42 
25/04/2025,IMPUESTO DEBITO -LEY 25413,-2.84,25-04,69390703.58 
25/04/2025,CR.DEBIN 25/04-S.320798 C:30657033770,8912.88,25-04,69399616.46 
25/04/2025,IMPUESTO CREDITO -LEY 25413,-53.48,25-04,69399562.98 
25/04/2025,RETENCION ARBA,-222.80,25-04,69399340.18 
25/04/2025,IMPUESTO DEBITO -LEY 25413,-1.34,25-04,69399338.84 
25/04/2025,CR.DEBIN 25/04-S.603109 C:30657033770,10695.46,25-04,69410034.30 
25/04/2025,IMPUESTO CREDITO -LEY 25413,-64.17,25-04,69409970.13 
25/04/2025,RETENCION ARBA,-267.30,25-04,69409702.83 
25/04/2025,IMPUESTO DEBITO -LEY 25413,-1.60,25-04,69409701.23 
25/04/2025,CR.DEBIN 25/04-S.521975 C:30657033770,1683.54,25-04,69411384.77 
25/04/2025,IMPUESTO CREDITO -LEY 25413,-10.10,25-04,69411374.67 
25/04/2025,RETENCION ARBA,-42.00,25-04,69411332.67 
25/04/2025,IMPUESTO DEBITO -LEY 25413,-0.25,25-04,69411332.42 
25/04/2025,CR.DEBIN 25/04-S.755938 C:30657033770,25154.13,25-04,69436486.55 
25/04/2025,IMPUESTO CREDITO -LEY 25413,-150.92,25-04,69436335.63 
25/04/2025,RETENCION ARBA,-628.80,25-04,69435706.83 
25/04/2025,IMPUESTO DEBITO -LEY 25413,-3.77,25-04,69435703.06 
25/04/2025,COMISION DATANET,-43.08,25-04,69435659.98 
25/04/2025,IMPUESTO DEBITO -LEY 25413,-0.26,25-04,69435659.72 
25/04/2025,COMISION DATANET,-580.91,25-04,69435078.81 
25/04/2025,IMPUESTO DEBITO -LEY 25413,-3.49,25-04,69435075.32 
28/04/2025,CR.DEBIN 25/04-S.873651 C:30657033770,28026.06,28-04,69463101.38 
28/04/2025,CR.DEBIN 25/04-S.531315 C:30657033770,19311.24,28-04,69482412.62 
28/04/2025,CR.DEBIN 25/04-S.682039 C:30657033770,18915.11,28-04,69501327.73 
28/04/2025,CR.DEBIN 25/04-S.366676 C:30657033770,18073.34,28-04,69519401.07 
28/04/2025,CR.DEBIN 25/04-S.817436 C:30657033770,9903.20,28-04,69529304.27 
28/04/2025,CR.DEBIN 25/04-S.450105 C:30657033770,9804.17,28-04,69539108.44 
28/04/2025,CR.DEBIN 25/04-S.838965 C:30657033770,4109.83,28-04,69543218.27 
28/04/2025,CHEQUE DE CAMARA 006740380,-625240.01,28-04,68917978.26 
28/04/2025,IMPUESTO DEBITO -LEY 25413     1952 CONTABILIDAD Y CONCILIACI,-3751.44,28-04,68914226.82 
28/04/2025,CHEQUE DE CAMARA 009687425,-358677.44,28-04,68555549.38 
28/04/2025,IMPUESTO DEBITO -LEY 25413     1950 COMPENSACION DE VALORES,-2152.06,28-04,68553397.32 
28/04/2025,CR.DEBIN 26/04-S.302267 C:30657033770,3367.09,28-04,68556764.41 
28/04/2025,IMPUESTO CREDITO -LEY 25413,-20.20,28-04,68556744.21 
28/04/2025,RETENCION ARBA,-84.10,28-04,68556660.11 
28/04/2025,IMPUESTO DEBITO -LEY 25413,-0.50,28-04,68556659.61 
28/04/2025,CR.DEBIN 26/04-S.703252 C:30657033770,10844.00,28-04,68567503.61 
28/04/2025,IMPUESTO CREDITO -LEY 25413,-65.06,28-04,68567438.55 
28/04/2025,RETENCION ARBA,-271.10,28-04,68567167.45 
28/04/2025,IMPUESTO DEBITO -LEY 25413,-1.63,28-04,68567165.82 
28/04/2025,CR.DEBIN 26/04-S.726690 C:30657033770,7684.88,28-04,68574850.70 
28/04/2025,IMPUESTO CREDITO -LEY 25413,-46.11,28-04,68574804.59 
28/04/2025,RETENCION ARBA,-192.10,28-04,68574612.49 
28/04/2025,IMPUESTO DEBITO -LEY 25413,-1.15,28-04,68574611.34 
28/04/2025,CR.DEBIN 26/04-S.606868 C:30657033770,7328.37,28-04,68581939.71 
28/04/2025,IMPUESTO CREDITO -LEY 25413,-43.97,28-04,68581895.74 
28/04/2025,RETENCION ARBA,-183.20,28-04,68581712.54 
28/04/2025,IMPUESTO DEBITO -LEY 25413,-1.10,28-04,68581711.44 
28/04/2025,CR.DEBIN 26/04-S.746437 C:30657033770,26738.64,28-04,68608450.08 
28/04/2025,IMPUESTO CREDITO -LEY 25413,-160.43,28-04,68608289.65 
28/04/2025,RETENCION ARBA,-668.40,28-04,68607621.25 
28/04/2025,IMPUESTO DEBITO -LEY 25413,-4.01,28-04,68607617.24 
28/04/2025,CR.DEBIN 26/04-S.066363 C:30657033770,13864.48,28-04,68621481.72 
28/04/2025,IMPUESTO CREDITO -LEY 25413,-83.19,28-04,68621398.53 
28/04/2025,RETENCION ARBA,-346.60,28-04,68621051.93 
28/04/2025,IMPUESTO DEBITO -LEY 25413,-2.08,28-04,68621049.85 
28/04/2025,CR.DEBIN 26/04-S.865929 C:30657033770,20598.66,28-04,68641648.51 
28/04/2025,IMPUESTO CREDITO -LEY 25413,-123.59,28-04,68641524.92 
28/04/2025,RETENCION ARBA,-514.90,28-04,68641010.02 
28/04/2025,IMPUESTO DEBITO -LEY 25413,-3.09,28-04,68641006.93 
28/04/2025,CR.DEBIN 26/04-S.972902 C:30657033770,6932.24,28-04,68647939.17 
28/04/2025,IMPUESTO CREDITO -LEY 25413,-41.59,28-04,68647897.58 
28/04/2025,RETENCION ARBA,-173.30,28-04,68647724.28 
28/04/2025,IMPUESTO DEBITO -LEY 25413,-1.04,28-04,68647723.24 
28/04/2025,CR.DEBIN 26/04-S.483535 C:30657033770,3565.15,28-04,68651288.39 
28/04/2025,IMPUESTO CREDITO -LEY 25413,-21.39,28-04,68651267.00 
28/04/2025,RETENCION ARBA,-89.10,28-04,68651177.90 
28/04/2025,IMPUESTO DEBITO -LEY 25413,-0.53,28-04,68651177.37 
28/04/2025,CR.DEBIN 26/04-S.154626 C:30657033770,14260.61,28-04,68665437.98 
28/04/2025,IMPUESTO CREDITO -LEY 25413,-85.56,28-04,68665352.42 
28/04/2025,RETENCION ARBA,-356.50,28-04,68664995.92 
28/04/2025,IMPUESTO DEBITO -LEY 25413,-2.14,28-04,68664993.78 
28/04/2025,CR.DEBIN 26/04-S.242646 C:30657033770,6437.08,28-04,68671430.86 
28/04/2025,IMPUESTO CREDITO -LEY 25413,-38.62,28-04,68671392.24 
28/04/2025,RETENCION ARBA,-160.90,28-04,68671231.34 
28/04/2025,IMPUESTO DEBITO -LEY 25413,-0.97,28-04,68671230.37 
28/04/2025,CR.DEBIN 26/04-S.506509 C:30657033770,27728.96,28-04,68698959.33 
28/04/2025,IMPUESTO CREDITO -LEY 25413,-166.37,28-04,68698792.96 
28/04/2025,RETENCION ARBA,-693.20,28-04,68698099.76 
28/04/2025,IMPUESTO DEBITO -LEY 25413,-4.16,28-04,68698095.60 
28/04/2025,CR.DEBIN 26/04-S.225052 C:30657033770,5347.73,28-04,68703443.33 
28/04/2025,IMPUESTO CREDITO -LEY 25413,-32.09,28-04,68703411.24 
28/04/2025,RETENCION ARBA,-133.60,28-04,68703277.64 
28/04/2025,IMPUESTO DEBITO -LEY 25413,-0.80,28-04,68703276.84 
28/04/2025,CR.DEBIN 26/04-S.599180 C:30657033770,18816.08,28-04,68722092.92 
28/04/2025,IMPUESTO CREDITO -LEY 25413,-112.90,28-04,68721980.02 
28/04/2025,RETENCION ARBA,-470.40,28-04,68721509.62 
28/04/2025,IMPUESTO DEBITO -LEY 25413,-2.82,28-04,68721506.80 
28/04/2025,CR.TRAN. 30574816870 AMERICAN EXPRESS,65152.85,28-04,68786659.65 
28/04/2025,IMPUESTO CREDITO -LEY 25413    0001,-390.92,28-04,68786268.73 
28/04/2025,RETENCION ARBA                 0001,-1628.80,28-04,68784639.93 
28/04/2025,IMPUESTO DEBITO -LEY 25413     0001,-9.77,28-04,68784630.16 
28/04/2025,CR.DEBIN 28/04-S.347284 C:30657033770,1683.54,28-04,68786313.70 
28/04/2025,IMPUESTO CREDITO -LEY 25413,-10.10,28-04,68786303.60 
28/04/2025,RETENCION ARBA,-42.00,28-04,68786261.60 
28/04/2025,IMPUESTO DEBITO -LEY 25413,-0.25,28-04,68786261.35 
28/04/2025,CR.DEBIN 28/04-S.708671 C:30657033770,3466.12,28-04,68789727.47 
28/04/2025,IMPUESTO CREDITO -LEY 25413,-20.80,28-04,68789706.67 
28/04/2025,RETENCION ARBA,-86.60,28-04,68789620.07 
28/04/2025,IMPUESTO DEBITO -LEY 25413,-0.52,28-04,68789619.55 
28/04/2025,CR.DEBIN 28/04-S.976303 C:30657033770,12379.00,28-04,68801998.55 
28/04/2025,IMPUESTO CREDITO -LEY 25413,-74.27,28-04,68801924.28 
28/04/2025,RETENCION ARBA,-309.40,28-04,68801614.88 
28/04/2025,IMPUESTO DEBITO -LEY 25413,-1.86,28-04,68801613.02 
28/04/2025,CR.DEBIN 28/04-S.685650 C:30657033770,2277.74,28-04,68803890.76 
28/04/2025,IMPUESTO CREDITO -LEY 25413,-13.67,28-04,68803877.09 
28/04/2025,RETENCION ARBA,-56.90,28-04,68803820.19 
28/04/2025,IMPUESTO DEBITO -LEY 25413,-0.34,28-04,68803819.85 
28/04/2025,PAGOS A COMERCIOS VISA - L. 0000230645 - C. 00003907330,400798.26,28-04,69204618.11 
28/04/2025,IMPUESTO CREDITO -LEY 25413    1002 MEDIOS DE PAGO,-2404.79,28-04,69202213.32 
28/04/2025,RETENCION ARBA                 1002 MEDIOS DE PAGO,-10019.90,28-04,69192193.42 
28/04/2025,IMPUESTO DEBITO -LEY 25413     1002 MEDIOS DE PAGO,-60.12,28-04,69192133.30 
28/04/2025,PAGOS A COMERCIOS VISA - L. 0000230710 - C. 00003907330,74645.34,28-04,69266778.64 
28/04/2025,IMPUESTO CREDITO -LEY 25413    1002 MEDIOS DE PAGO,-447.87,28-04,69266330.77 
28/04/2025,RETENCION ARBA                 1002 MEDIOS DE PAGO,-1866.10,28-04,69264464.67 
28/04/2025,IMPUESTO DEBITO -LEY 25413     1002 MEDIOS DE PAGO,-11.20,28-04,69264453.47 
28/04/2025,PAGOS A COMERCIOS MASTERCARD - L. 0000230620 - C. 00003907330,66272.86,28-04,69330726.33 
28/04/2025,IMPUESTO CREDITO -LEY 25413    1002 MEDIOS DE PAGO,-397.64,28-04,69330328.69 
28/04/2025,RETENCION ARBA                 1002 MEDIOS DE PAGO,-1656.80,28-04,69328671.89 
28/04/2025,IMPUESTO DEBITO -LEY 25413     1002 MEDIOS DE PAGO,-9.94,28-04,69328661.95 
28/04/2025,PAGOS A COMERCIOS MASTERCARD - L. 0000230687 - C. 00003907330,3353.77,28-04,69332015.72 
28/04/2025,IMPUESTO CREDITO -LEY 25413    1002 MEDIOS DE PAGO,-20.12,28-04,69331995.60 
28/04/2025,RETENCION ARBA                 1002 MEDIOS DE PAGO,-83.80,28-04,69331911.80 
28/04/2025,IMPUESTO DEBITO -LEY 25413     1002 MEDIOS DE PAGO,-0.50,28-04,69331911.30 
28/04/2025,CR.DEBIN 28/04-S.562148 C:30657033770,8714.82,28-04,69340626.12 
28/04/2025,IMPUESTO CREDITO -LEY 25413,-52.29,28-04,69340573.83 
28/04/2025,RETENCION ARBA,-217.80,28-04,69340356.03 
28/04/2025,IMPUESTO DEBITO -LEY 25413,-1.31,28-04,69340354.72 
28/04/2025,CR.DEBIN 28/04-S.052500 C:30657033770,9699.19,28-04,69350053.91 
28/04/2025,IMPUESTO CREDITO -LEY 25413,-58.20,28-04,69349995.71 
28/04/2025,RETENCION ARBA,-242.40,28-04,69349753.31 
28/04/2025,IMPUESTO DEBITO -LEY 25413,-1.45,28-04,69349751.86 
28/04/2025,CR.DEBIN 28/04-S.308365 C:30657033770,7823.53,28-04,69357575.39 
28/04/2025,IMPUESTO CREDITO -LEY 25413,-46.94,28-04,69357528.45 
28/04/2025,RETENCION ARBA,-195.50,28-04,69357332.95 
28/04/2025,IMPUESTO DEBITO -LEY 25413,-1.17,28-04,69357331.78 
28/04/2025,CR.DEBIN 28/04-S.534238 C:30657033770,15845.12,28-04,69373176.90 
28/04/2025,IMPUESTO CREDITO -LEY 25413,-95.07,28-04,69373081.83 
28/04/2025,RETENCION ARBA,-396.10,28-04,69372685.73 
28/04/2025,IMPUESTO DEBITO -LEY 25413,-2.38,28-04,69372683.35 
28/04/2025,CR.DEBIN 28/04-S.539703 C:30657033770,5941.92,28-04,69378625.27 
28/04/2025,IMPUESTO CREDITO -LEY 25413,-35.65,28-04,69378589.62 
28/04/2025,RETENCION ARBA,-148.50,28-04,69378441.12 
28/04/2025,IMPUESTO DEBITO -LEY 25413,-0.89,28-04,69378440.23 
28/04/2025,CR.DEBIN 28/04-S.074422 C:30657033770,2970.96,28-04,69381411.19 
28/04/2025,IMPUESTO CREDITO -LEY 25413,-17.83,28-04,69381393.36 
28/04/2025,RETENCION ARBA,-74.20,28-04,69381319.16 
28/04/2025,IMPUESTO DEBITO -LEY 25413,-0.45,28-04,69381318.71 
28/04/2025,CR.DEBIN 28/04-S.357781 C:30657033770,17825.76,28-04,69399144.47 
28/04/2025,IMPUESTO CREDITO -LEY 25413,-106.95,28-04,69399037.52 
28/04/2025,RETENCION ARBA,-445.60,28-04,69398591.92 
28/04/2025,IMPUESTO DEBITO -LEY 25413,-2.67,28-04,69398589.25 
28/04/2025,CR.DEBIN 28/04-S.497997 C:30657033770,9903.20,28-04,69408492.45 
28/04/2025,IMPUESTO CREDITO -LEY 25413,-59.42,28-04,69408433.03 
28/04/2025,RETENCION ARBA,-247.50,28-04,69408185.53 
28/04/2025,IMPUESTO DEBITO -LEY 25413,-1.49,28-04,69408184.04 
28/04/2025,CR.TRAN. 30624944255ETESORERIA GENERAL PCIA BS 00D00,81379.76,28-04,69489563.80 
28/04/2025,IMPUESTO CREDITO -LEY 25413    2000 REGION Y CASA MATRIZ LA P,-488.28,28-04,69489075.52 
28/04/2025,RETENCION ARBA                 2000 REGION Y CASA MATRIZ LA P,-2034.40,28-04,69487041.12 
28/04/2025,IMPUESTO DEBITO -LEY 25413     2000 REGION Y CASA MATRIZ LA P,-12.21,28-04,69487028.91 
28/04/2025,CR.TRAN. 30624944255ETESORERIA GENERAL PCIA BS 00D00,630928.00,28-04,70117956.91 
28/04/2025,IMPUESTO CREDITO -LEY 25413    2000 REGION Y CASA MATRIZ LA P,-3785.57,28-04,70114171.34 
28/04/2025,RETENCION ARBA                 2000 REGION Y CASA MATRIZ LA P,-15773.20,28-04,70098398.14 
28/04/2025,IMPUESTO DEBITO -LEY 25413     2000 REGION Y CASA MATRIZ LA P,-94.64,28-04,70098303.50 
28/04/2025,CR.TRAN. 30624944255ETESORERIA GENERAL PCIA BS 00D00,5044835.40,28-04,75143138.90 
28/04/2025,IMPUESTO CREDITO -LEY 25413    2000 REGION Y CASA MATRIZ LA P,-30269.01,28-04,75112869.89 
28/04/2025,RETENCION ARBA                 2000 REGION Y CASA MATRIZ LA P,-126120.80,28-04,74986749.09 
28/04/2025,IMPUESTO DEBITO -LEY 25413     2000 REGION Y CASA MATRIZ LA P,-756.72,28-04,74985992.37 
28/04/2025,CR.TRAN. 30523156043 FEDERACION DE CLINICAS SANATO,74946.64,28-04,75060939.01 
28/04/2025,IMPUESTO CREDITO -LEY 25413    4930,-449.68,28-04,75060489.33 
28/04/2025,RETENCION ARBA                 4930,-1873.60,28-04,75058615.73 
28/04/2025,IMPUESTO DEBITO -LEY 25413     4930,-11.24,28-04,75058604.49 
28/04/2025,CR.DEBIN 28/04-S.845413 C:30657033770,3327.48,28-04,75061931.97 
28/04/2025,IMPUESTO CREDITO -LEY 25413,-19.96,28-04,75061912.01 
28/04/2025,RETENCION ARBA,-83.10,28-04,75061828.91 
28/04/2025,IMPUESTO DEBITO -LEY 25413,-0.50,28-04,75061828.41 
28/04/2025,REVERSA RETENCION ARBA,126120.80,28-04,75187949.21 
28/04/2025,REVERSA RETENCION ARBA,15773.20,28-04,75203722.41 
28/04/2025,REVERSA RETENCION ARBA,2034.40,28-04,75205756.81 
28/04/2025,REV. IMP.DEBITO.-LEY 25413,756.72,28-04,75206513.53 
28/04/2025,REV. IMP.DEBITO.-LEY 25413,94.64,28-04,75206608.17 
28/04/2025,REV. IMP.DEBITO.-LEY 25413,12.21,28-04,75206620.38 
28/04/2025,COMISION DATANET,-32.57,28-04,75206587.81 
28/04/2025,IMPUESTO DEBITO -LEY 25413,-0.20,28-04,75206587.61 
28/04/2025,COMISION DATANET,-37.47,28-04,75206550.14 
28/04/2025,IMPUESTO DEBITO -LEY 25413,-0.22,28-04,75206549.92 
28/04/2025,COMISION DATANET,-40.68,28-04,75206509.24 
28/04/2025,IMPUESTO DEBITO -LEY 25413,-0.24,28-04,75206509.00 
28/04/2025,COMISION DATANET,-315.46,28-04,75206193.54 
28/04/2025,IMPUESTO DEBITO -LEY 25413,-1.89,28-04,75206191.65 
28/04/2025,COMISION DATANET,-2522.41,28-04,75203669.24 
28/04/2025,IMPUESTO DEBITO -LEY 25413,-15.13,28-04,75203654.11 
29/04/2025,CR.DEBIN 28/04-S.776163 C:30657033770,48010.71,29-04,75251664.82 
29/04/2025,CR.DEBIN 28/04-S.242893 C:30657033770,30997.02,29-04,75282661.84 
29/04/2025,CR.DEBIN 28/04-S.793541 C:30657033770,22777.36,29-04,75305439.20 
29/04/2025,CR.DEBIN 28/04-S.268667 C:30657033770,20747.20,29-04,75326186.40 
29/04/2025,CR.DEBIN 28/04-S.585693 C:30657033770,8219.66,29-04,75334406.06 
29/04/2025,CR.DEBIN 28/04-S.495954 C:30657033770,5347.73,29-04,75339753.79 
29/04/2025,CR.DEBIN 28/04-S.434149 C:30657033770,841.77,29-04,75340595.56 
29/04/2025,CHEQUE DE CAMARA 005869897,-2000000.00,29-04,73340595.56 
29/04/2025,IMPUESTO DEBITO -LEY 25413     1950 COMPENSACION DE VALORES,-12000.00,29-04,73328595.56 
29/04/2025,CHEQUE DE CAMARA 006740389,-2053998.62,29-04,71274596.94 
29/04/2025,IMPUESTO DEBITO -LEY 25413     1950 COMPENSACION DE VALORES,-12323.99,29-04,71262272.95 
29/04/2025,CHEQUE DE CAMARA 009687326,-1155921.00,29-04,70106351.95 
29/04/2025,IMPUESTO DEBITO -LEY 25413     1950 COMPENSACION DE VALORES,-6935.53,29-04,70099416.42 
29/04/2025,CHEQUE DE CAMARA 009687328,-1000000.00,29-04,69099416.42 
29/04/2025,IMPUESTO DEBITO -LEY 25413     1950 COMPENSACION DE VALORES,-6000.00,29-04,69093416.42 
29/04/2025,CHEQUE DE CAMARA 009687333,-301289.05,29-04,68792127.37 
29/04/2025,IMPUESTO DEBITO -LEY 25413     1950 COMPENSACION DE VALORES,-1807.73,29-04,68790319.64 
29/04/2025,CHEQUE DE CAMARA 009687421,-1542933.55,29-04,67247386.09 
29/04/2025,IMPUESTO DEBITO -LEY 25413     1950 COMPENSACION DE VALORES,-9257.60,29-04,67238128.49 
29/04/2025,COM. MANT. POR 043 MOV. PERIODO (27-03-2025/28-04-2025),-47300.00,29-04,67190828.49 
29/04/2025,IMPUESTO I.BRUTOS - PERCEPCION,-2365.00,29-04,67188463.49 
29/04/2025,IMPUESTO DEBITO -LEY 25413,-283.80,29-04,67188179.69 
29/04/2025,IMPUESTO DEBITO -LEY 25413,-14.19,29-04,67188165.50 
29/04/2025,CRED.TRF.29/04-C.215825 D:30559880120 N:JOSE ANACLETO E,297174.47,29-04,67485339.97 
29/04/2025,IMPUESTO CREDITO -LEY 25413,-1783.05,29-04,67483556.92 
29/04/2025,RETENCION ARBA,-7429.30,29-04,67476127.62 
29/04/2025,IMPUESTO DEBITO -LEY 25413,-44.58,29-04,67476083.04 
29/04/2025,CR.DEBIN 29/04-S.775360 C:30657033770,3664.18,29-04,67479747.22 
29/04/2025,IMPUESTO CREDITO -LEY 25413,-21.99,29-04,67479725.23 
29/04/2025,RETENCION ARBA,-91.60,29-04,67479633.63 
29/04/2025,IMPUESTO DEBITO -LEY 25413,-0.55,29-04,67479633.08 
29/04/2025,PAGOS A COMERCIOS VISA - L. 0000230792 - C. 00003907330,940842.69,29-04,68420475.77 
29/04/2025,IMPUESTO CREDITO -LEY 25413    1002 MEDIOS DE PAGO,-5645.06,29-04,68414830.71 
29/04/2025,RETENCION ARBA                 1002 MEDIOS DE PAGO,-23521.00,29-04,68391309.71 
29/04/2025,IMPUESTO DEBITO -LEY 25413     1002 MEDIOS DE PAGO,-141.13,29-04,68391168.58 
29/04/2025,PAGOS A COMERCIOS VISA - L. 0000230880 - C. 00003907330,652055.50,29-04,69043224.08 
29/04/2025,IMPUESTO CREDITO -LEY 25413    1002 MEDIOS DE PAGO,-3912.33,29-04,69039311.75 
29/04/2025,RETENCION ARBA                 1002 MEDIOS DE PAGO,-16301.30,29-04,69023010.45 
29/04/2025,IMPUESTO DEBITO -LEY 25413     1002 MEDIOS DE PAGO,-97.81,29-04,69022912.64 
29/04/2025,PAGOS A COMERCIOS MASTERCARD - L. 0000230755 - C. 00003907330,211087.30,29-04,69233999.94 
29/04/2025,IMPUESTO CREDITO -LEY 25413    1002 MEDIOS DE PAGO,-1266.52,29-04,69232733.42 
29/04/2025,RETENCION ARBA                 1002 MEDIOS DE PAGO,-5277.10,29-04,69227456.32 
29/04/2025,IMPUESTO DEBITO -LEY 25413     1002 MEDIOS DE PAGO,-31.66,29-04,69227424.66 
29/04/2025,PAGOS A COMERCIOS MASTERCARD - L. 0000230843 - C. 00003907330,188208.11,29-04,69415632.77 
29/04/2025,IMPUESTO CREDITO -LEY 25413    1002 MEDIOS DE PAGO,-1129.25,29-04,69414503.52 
29/04/2025,RETENCION ARBA                 1002 MEDIOS DE PAGO,-4705.20,29-04,69409798.32 
29/04/2025,IMPUESTO DEBITO -LEY 25413     1002 MEDIOS DE PAGO,-28.23,29-04,69409770.09 
29/04/2025,CR.DEBIN 29/04-S.788997 C:30657033770,9110.94,29-04,69418881.03 
29/04/2025,IMPUESTO CREDITO -LEY 25413,-54.67,29-04,69418826.36 
29/04/2025,RETENCION ARBA,-227.70,29-04,69418598.66 
29/04/2025,IMPUESTO DEBITO -LEY 25413,-1.37,29-04,69418597.29 
29/04/2025,CHEQUE DE CAMARA 009687332,-1386292.67,29-04,68032304.62 
29/04/2025,IMPUESTO DEBITO -LEY 25413     6952 GENERAL MADARIAGA,-8317.76,29-04,68023986.86 
29/04/2025,CR.DEBIN 29/04-S.180172 C:30657033770,3169.02,29-04,68027155.88 
29/04/2025,IMPUESTO CREDITO -LEY 25413,-19.01,29-04,68027136.87 
29/04/2025,RETENCION ARBA,-79.20,29-04,68027057.67 
29/04/2025,IMPUESTO DEBITO -LEY 25413,-0.48,29-04,68027057.19 
29/04/2025,CR.DEBIN 29/04-S.276797 C:30657033770,1386.45,29-04,68028443.64 
29/04/2025,IMPUESTO CREDITO -LEY 25413,-8.32,29-04,68028435.32 
29/04/2025,RETENCION ARBA,-34.60,29-04,68028400.72 
29/04/2025,IMPUESTO DEBITO -LEY 25413,-0.21,29-04,68028400.51 
29/04/2025,CR.TRAN. 30624944255ETESORERIA GENERAL PCIA BS 00D00,492440.60,29-04,68520841.11 
29/04/2025,IMPUESTO CREDITO -LEY 25413    2000 REGION Y CASA MATRIZ LA P,-2954.64,29-04,68517886.47 
29/04/2025,RETENCION ARBA                 2000 REGION Y CASA MATRIZ LA P,-12311.00,29-04,68505575.47 
29/04/2025,IMPUESTO DEBITO -LEY 25413     2000 REGION Y CASA MATRIZ LA P,-73.87,29-04,68505501.60 
29/04/2025,REVERSA RETENCION ARBA,12311.00,29-04,68517812.60 
29/04/2025,REV. IMP.DEBITO.-LEY 25413,73.87,29-04,68517886.47 
29/04/2025,COMISION DATANET,-246.22,29-04,68517640.25 
29/04/2025,IMPUESTO DEBITO -LEY 25413,-1.48,29-04,68517638.77 
30/04/2025,CRED.TRF.29/04-C.726576223504 D:27433946419 N:PISANI/JOAQUINA,388500.00,30-04,68906138.77 
30/04/2025,IMPUESTO CREDITO -LEY 25413,-2331.00,30-04,68903807.77 
30/04/2025,RETENCION ARBA,-9712.50,30-04,68894095.27 
30/04/2025,IMPUESTO DEBITO -LEY 25413,-58.28,30-04,68894036.99 
30/04/2025,CR.DEBIN 29/04-S.891380 C:30657033770,8912.88,30-04,68902949.87 
30/04/2025,CR.DEBIN 29/04-S.400614 C:30657033770,6437.08,30-04,68909386.95 
30/04/2025,CR.DEBIN 29/04-S.616428 C:30657033770,3069.99,30-04,68912456.94 
30/04/2025,CR.DEBIN 29/04-S.401607 C:30657033770,1287.42,30-04,68913744.36 
30/04/2025,CR.DEBIN 30/04-S.165274 C:30657033770,1683.54,30-04,68915427.90 
30/04/2025,IMPUESTO CREDITO -LEY 25413,-10.10,30-04,68915417.80 
30/04/2025,RETENCION ARBA,-42.00,30-04,68915375.80 
30/04/2025,IMPUESTO DEBITO -LEY 25413,-0.25,30-04,68915375.55 
30/04/2025,CR.DEBIN 30/04-S.258792 C:30657033770,19608.34,30-04,68934983.89 
30/04/2025,IMPUESTO CREDITO -LEY 25413,-117.65,30-04,68934866.24 
30/04/2025,RETENCION ARBA,-490.20,30-04,68934376.04 
30/04/2025,IMPUESTO DEBITO -LEY 25413,-2.94,30-04,68934373.10 
30/04/2025,CR.DEBIN 30/04-S.510249 C:30657033770,2475.80,30-04,68936848.90 
30/04/2025,IMPUESTO CREDITO -LEY 25413,-14.85,30-04,68936834.05 
30/04/2025,RETENCION ARBA,-61.80,30-04,68936772.25 
30/04/2025,IMPUESTO DEBITO -LEY 25413,-0.37,30-04,68936771.88 
30/04/2025,PAGOS A COMERCIOS VISA - L. 0000230961 - C. 00003907330,659231.13,30-04,69596003.01 
30/04/2025,IMPUESTO CREDITO -LEY 25413    1002 MEDIOS DE PAGO,-3955.39,30-04,69592047.62 
30/04/2025,RETENCION ARBA                 1002 MEDIOS DE PAGO,-16480.70,30-04,69575566.92 
30/04/2025,IMPUESTO DEBITO -LEY 25413     1002 MEDIOS DE PAGO,-98.88,30-04,69575468.04 
30/04/2025,PAGOS A COMERCIOS VISA - L. 0000231065 - C. 00003907330,287182.36,30-04,69862650.40 
30/04/2025,IMPUESTO CREDITO -LEY 25413    1002 MEDIOS DE PAGO,-1723.09,30-04,69860927.31 
30/04/2025,RETENCION ARBA                 1002 MEDIOS DE PAGO,-7179.50,30-04,69853747.81 
30/04/2025,IMPUESTO DEBITO -LEY 25413     1002 MEDIOS DE PAGO,-43.08,30-04,69853704.73 
30/04/2025,PAGOS A COMERCIOS MASTERCARD - L. 0000231005 - C. 00003907330,156408.34,30-04,70010113.07 
30/04/2025,IMPUESTO CREDITO -LEY 25413    1002 MEDIOS DE PAGO,-938.45,30-04,70009174.62 
30/04/2025,RETENCION ARBA                 1002 MEDIOS DE PAGO,-3910.20,30-04,70005264.42 
30/04/2025,IMPUESTO DEBITO -LEY 25413     1002 MEDIOS DE PAGO,-23.46,30-04,70005240.96 
30/04/2025,PAGOS A COMERCIOS MASTERCARD - L. 0000230935 - C. 00003907330,63847.06,30-04,70069088.02 
30/04/2025,IMPUESTO CREDITO -LEY 25413    1002 MEDIOS DE PAGO,-383.08,30-04,70068704.94 
30/04/2025,RETENCION ARBA                 1002 MEDIOS DE PAGO,-1596.10,30-04,70067108.84 
30/04/2025,IMPUESTO DEBITO -LEY 25413     1002 MEDIOS DE PAGO,-9.58,30-04,70067099.26 
30/04/2025,PAGOS A COMERCIOS CABAL - L. 0000178023 - C. 88603907330,29293.99,30-04,70096393.25 
30/04/2025,IMPUESTO CREDITO -LEY 25413    1002 MEDIOS DE PAGO,-175.76,30-04,70096217.49 
30/04/2025,RETENCION ARBA                 1002 MEDIOS DE PAGO,-732.30,30-04,70095485.19 
30/04/2025,IMPUESTO DEBITO -LEY 25413     1002 MEDIOS DE PAGO,-4.39,30-04,70095480.80 
30/04/2025,PAGOS A COMERCIOS MASTERCARD - L. 0000230958 - C. 00003907330,14651.83,30-04,70110132.63 
30/04/2025,IMPUESTO CREDITO -LEY 25413    1002 MEDIOS DE PAGO,-87.91,30-04,70110044.72 
30/04/2025,RETENCION ARBA                 1002 MEDIOS DE PAGO,-366.20,30-04,70109678.52 
30/04/2025,IMPUESTO DEBITO -LEY 25413     1002 MEDIOS DE PAGO,-2.20,30-04,70109676.32 
30/04/2025,CR.TRAN. 33593283319 CORREGIDOR SA,317220.00,30-04,70426896.32 
30/04/2025,IMPUESTO CREDITO -LEY 25413    0001,-1903.32,30-04,70424993.00 
30/04/2025,RETENCION ARBA                 0001,-7930.50,30-04,70417062.50 
30/04/2025,IMPUESTO DEBITO -LEY 25413     0001,-47.58,30-04,70417014.92 
30/04/2025,CR.DEBIN 30/04-S.828388 C:30657033770,1683.54,30-04,70418698.46 
30/04/2025,IMPUESTO CREDITO -LEY 25413,-10.10,30-04,70418688.36 
30/04/2025,RETENCION ARBA,-42.00,30-04,70418646.36 
30/04/2025,IMPUESTO DEBITO -LEY 25413,-0.25,30-04,70418646.11 
30/04/2025,CR.DEBIN 30/04-S.431180 C:30657033770,11586.74,30-04,70430232.85 
30/04/2025,IMPUESTO CREDITO -LEY 25413,-69.52,30-04,70430163.33 
30/04/2025,RETENCION ARBA,-289.60,30-04,70429873.73 
30/04/2025,IMPUESTO DEBITO -LEY 25413,-1.74,30-04,70429871.99 
30/04/2025,CR.DEBIN 30/04-S.872568 C:30657033770,17825.76,30-04,70447697.75 
30/04/2025,IMPUESTO CREDITO -LEY 25413,-106.95,30-04,70447590.80 
30/04/2025,RETENCION ARBA,-445.60,30-04,70447145.20 
30/04/2025,IMPUESTO DEBITO -LEY 25413,-2.67,30-04,70447142.53 
30/04/2025,BIP DB TR 30/04-C.000239249556 DES:0014-01-501500541941,-417000.00,30-04,70030142.53 
30/04/2025,IMPUESTO DEBITO -LEY 25413,-2502.00,30-04,70027640.53 
30/04/2025,COMISION TRANSFERENCIA/GIRO,-3350.00,30-04,70024290.53 
30/04/2025,CR.DEBIN 30/04-S.348482 C:30657033770,4753.54,30-04,70029044.07 
30/04/2025,IMPUESTO CREDITO -LEY 25413,-28.52,30-04,70029015.55 
30/04/2025,RETENCION ARBA,-118.80,30-04,70028896.75 
30/04/2025,IMPUESTO DEBITO -LEY 25413,-0.71,30-04,70028896.04 
30/04/2025,CR.DEBIN 30/04-S.922244 C:30657033770,3169.02,30-04,70032065.06 
30/04/2025,IMPUESTO CREDITO -LEY 25413,-19.01,30-04,70032046.05 
30/04/2025,RETENCION ARBA,-79.20,30-04,70031966.85 
30/04/2025,IMPUESTO DEBITO -LEY 25413,-0.48,30-04,70031966.37 
30/04/2025,CR.DEBIN 30/04-S.287528 C:30657033770,25055.10,30-04,70057021.47 
30/04/2025,IMPUESTO CREDITO -LEY 25413,-150.33,30-04,70056871.14 
30/04/2025,RETENCION ARBA,-626.30,30-04,70056244.84 
30/04/2025,IMPUESTO DEBITO -LEY 25413,-3.76,30-04,70056241.08 
30/04/2025,CR.DEBIN 30/04-S.608541 C:30657033770,7922.56,30-04,70064163.64 
30/04/2025,IMPUESTO CREDITO -LEY 25413,-47.54,30-04,70064116.10 
30/04/2025,RETENCION ARBA,-198.00,30-04,70063918.10 
30/04/2025,IMPUESTO DEBITO -LEY 25413,-1.19,30-04,70063916.91 
30/04/2025,CR.DEBIN 30/04-S.909568 C:30657033770,7922.56,30-04,70071839.47 
30/04/2025,IMPUESTO CREDITO -LEY 25413,-47.54,30-04,70071791.93 
30/04/2025,RETENCION ARBA,-198.00,30-04,70071593.93 
30/04/2025,IMPUESTO DEBITO -LEY 25413,-1.19,30-04,70071592.74 
30/04/2025,CR.DEBIN 30/04-S.620153 C:30657033770,4060.31,30-04,70075653.05 
30/04/2025,IMPUESTO CREDITO -LEY 25413,-24.36,30-04,70075628.69 
30/04/2025,RETENCION ARBA,-101.50,30-04,70075527.19 
30/04/2025,IMPUESTO DEBITO -LEY 25413,-0.61,30-04,70075526.58 
30/04/2025,CR.DEBIN 30/04-S.633768 C:30657033770,4951.60,30-04,70080478.18 
30/04/2025,IMPUESTO CREDITO -LEY 25413,-29.71,30-04,70080448.47 
30/04/2025,RETENCION ARBA,-123.70,30-04,70080324.77 
30/04/2025,IMPUESTO DEBITO -LEY 25413,-0.74,30-04,70080324.03 
30/04/2025,CR.DEBIN 30/04-S.647271 C:30657033770,17330.60,30-04,70097654.63 
30/04/2025,IMPUESTO CREDITO -LEY 25413,-103.98,30-04,70097550.65 
30/04/2025,RETENCION ARBA,-433.20,30-04,70097117.45 
30/04/2025,IMPUESTO DEBITO -LEY 25413,-2.60,30-04,70097114.85 
30/04/2025,CR.DEBIN 30/04-S.952840 C:30657033770,53279.22,30-04,70150394.07 
30/04/2025,IMPUESTO CREDITO -LEY 25413,-319.68,30-04,70150074.39 
30/04/2025,RETENCION ARBA,-1331.90,30-04,70148742.49 
30/04/2025,IMPUESTO DEBITO -LEY 25413,-7.99,30-04,70148734.50 
30/04/2025,CR.DEBIN 30/04-S.000507 C:30657033770,5545.79,30-04,70154280.29 
30/04/2025,IMPUESTO CREDITO -LEY 25413,-33.27,30-04,70154247.02 
30/04/2025,RETENCION ARBA,-138.60,30-04,70154108.42 
30/04/2025,IMPUESTO DEBITO -LEY 25413,-0.83,30-04,70154107.59 
30/04/2025,CR.TRAN. 30715803891 RAPPI ARG SAS,23169.30,30-04,70177276.89 
30/04/2025,IMPUESTO CREDITO -LEY 25413    0814,-139.02,30-04,70177137.87 
30/04/2025,RETENCION ARBA                 0814,-579.20,30-04,70176558.67 
30/04/2025,IMPUESTO DEBITO -LEY 25413     0814,-3.48,30-04,70176555.19 
30/04/2025,CR.DEBIN 30/04-S.715235 C:30657033770,9804.17,30-04,70186359.36 
30/04/2025,IMPUESTO CREDITO -LEY 25413,-58.83,30-04,70186300.53 
30/04/2025,RETENCION ARBA,-245.10,30-04,70186055.43 
30/04/2025,IMPUESTO DEBITO -LEY 25413,-1.47,30-04,70186053.96 
30/04/2025,CR.DEBIN 30/04-S.537209 C:30657033770,4753.54,30-04,70190807.50 
30/04/2025,IMPUESTO CREDITO -LEY 25413,-28.52,30-04,70190778.98 
30/04/2025,RETENCION ARBA,-118.80,30-04,70190660.18 
30/04/2025,IMPUESTO DEBITO -LEY 25413,-0.71,30-04,70190659.47 
30/04/2025,CR.DEBIN 30/04-S.548804 C:30657033770,14854.80,30-04,70205514.27 
30/04/2025,IMPUESTO CREDITO -LEY 25413,-89.13,30-04,70205425.14 
30/04/2025,RETENCION ARBA,-371.30,30-04,70205053.84 
30/04/2025,IMPUESTO DEBITO -LEY 25413,-2.23,30-04,70205051.61 
30/04/2025,CR.DEBIN 30/04-S.987450 C:30657033770,27629.93,30-04,70232681.54 
30/04/2025,IMPUESTO CREDITO -LEY 25413,-165.78,30-04,70232515.76 
30/04/2025,RETENCION ARBA,-690.70,30-04,70231825.06 
30/04/2025,IMPUESTO DEBITO -LEY 25413,-4.14,30-04,70231820.92 
30/04/2025,CR.DEBIN 30/04-S.060107 C:30657033770,1683.54,30-04,70233504.46 
30/04/2025,IMPUESTO CREDITO -LEY 25413,-10.10,30-04,70233494.36 
30/04/2025,RETENCION ARBA,-42.00,30-04,70233452.36 
30/04/2025,IMPUESTO DEBITO -LEY 25413,-0.25,30-04,70233452.11 
30/04/2025,CR.DEBIN 30/04-S.729189 C:30657033770,4456.44,30-04,70237908.55 
30/04/2025,IMPUESTO CREDITO -LEY 25413,-26.74,30-04,70237881.81 
30/04/2025,RETENCION ARBA,-111.40,30-04,70237770.41 
30/04/2025,IMPUESTO DEBITO -LEY 25413,-0.67,30-04,70237769.74 
30/04/2025,CR.DEBIN 30/04-S.596351 C:30657033770,12676.10,30-04,70250445.84 
30/04/2025,IMPUESTO CREDITO -LEY 25413,-76.06,30-04,70250369.78 
30/04/2025,RETENCION ARBA,-316.90,30-04,70250052.88 
30/04/2025,IMPUESTO DEBITO -LEY 25413,-1.90,30-04,70250050.98 
30/04/2025,BIP CR TR 30/04-C.000259412932 ORI:0014-03-200006877028,247500.00,30-04,70497550.98 
30/04/2025,IMPUESTO CREDITO -LEY 25413    2000 REGION Y CASA MATRIZ LA P,-1485.00,30-04,70496065.98 
30/04/2025,RETENCION ARBA                 2000 REGION Y CASA MATRIZ LA P,-6187.50,30-04,70489878.48 
30/04/2025,IMPUESTO DEBITO -LEY 25413     2000 REGION Y CASA MATRIZ LA P,-37.13,30-04,70489841.35 
30/04/2025,FEDERACION PATR RE.209860743 ID.0433756143000000010525,-260800.00,30-04,70229041.35 
30/04/2025,IMPUESTO DEBITO -LEY 25413     1989 DEBITO DIRECTO Y AUTOMATI,-1564.80,30-04,70227476.55 
30/04/2025,FEDERACION PATR RE.209861867 ID.0432925410000000200425,-252456.00,30-04,69975020.55 
30/04/2025,IMPUESTO DEBITO -LEY 25413     1989 DEBITO DIRECTO Y AUTOMATI,-1514.74,30-04,69973505.81 
30/04/2025,FEDERACION PATR RE.209861330 ID.0432935688000000230425,-431897.00,30-04,69541608.81 
30/04/2025,IMPUESTO DEBITO -LEY 25413     1989 DEBITO DIRECTO Y AUTOMATI,-2591.38,30-04,69539017.43 
30/04/2025,COMISION DATANET,-11.58,30-04,69539005.85 
30/04/2025,IMPUESTO DEBITO -LEY 25413,-0.07,30-04,69539005.78 
30/04/2025,COMISION DATANET,-158.61,30-04,69538847.17 
30/04/2025,IMPUESTO DEBITO -LEY 25413,-0.95,30-04,69538846.22 
----------------------------------------------------------------------------------------------------------- 
----------------------------------------------------------------------------------------------------------- 
Tot. Retención ARBA:	-3315025.30	 ITF - LEY25413(DEB): 	-714749.69
	 	 ITF - LEY25413(CRE): 	-795611.08
	 	 S/Desc.380/01 Y MOD: 	0.00
	 	 DESDE: 	01/04/2025
