5208 - PLAZA MATHEU	 	 Emitido el 01/10/2025 	 	 Frecuencia: MENSUAL
NADAL Y ZACCARO SA	 	CUIT	30657033770	 CBU: 0140191801520805008070
	 			   CUENTA CORRIENTE EN PESOS
	 			   2-CTA CTE PERSONA JURIDICA
	 			 50080/7
7 ESQ.63 1500
LA PLATA	 	 	 	 Cantidad de Titulares: 001
----------------------------------------------------------------------------------------------------------- 
----------------------------------------------------------------------------------------------------------- 
FECHA,CONCEPTO,IMPORTE,Fecha Valor,Saldo
29/08/2025,SALDO ANTERIOR,0,,41793779.59 
01/09/2025,CR.DEBIN 30/08-S.841897 C:30657033770,2475.80,01-09,41796255.39 
01/09/2025,IMPUESTO CREDITO -LEY 25413,-14.85,01-09,41796240.54 
01/09/2025,RETENCION ARBA,-61.80,01-09,41796178.74 
01/09/2025,IMPUESTO DEBITO -LEY 25413,-0.37,01-09,41796178.37 
01/09/2025,CR.DEBIN 30/08-S.609565 C:30657033770,5644.82,01-09,41801823.19 
01/09/2025,IMPUESTO CREDITO -LEY 25413,-33.87,01-09,41801789.32 
01/09/2025,RETENCION ARBA,-141.10,01-09,41801648.22 
01/09/2025,IMPUESTO DEBITO -LEY 25413,-0.85,01-09,41801647.37 
01/09/2025,CR.TRAN. 30710100140 CCT CONICET LA PLATA,48780.17,01-09,41850427.54 
01/09/2025,IMPUESTO CREDITO -LEY 25413    4930,-292.68,01-09,41850134.86 
01/09/2025,RETENCION ARBA                 4930,-1219.50,01-09,41848915.36 
01/09/2025,IMPUESTO DEBITO -LEY 25413     4930,-7.32,01-09,41848908.04 
01/09/2025,CR.TRAN. 30710100140 CCT CONICET LA PLATA,69334.71,01-09,41918242.75 
01/09/2025,IMPUESTO CREDITO -LEY 25413    4930,-416.01,01-09,41917826.74 
01/09/2025,RETENCION ARBA                 4930,-1733.30,01-09,41916093.44 
01/09/2025,IMPUESTO DEBITO -LEY 25413     4930,-10.40,01-09,41916083.04 
01/09/2025,CR.TRAN. 30710100140 CCT CONICET LA PLATA,36634.30,01-09,41952717.34 
01/09/2025,IMPUESTO CREDITO -LEY 25413    4930,-219.81,01-09,41952497.53 
01/09/2025,RETENCION ARBA                 4930,-915.80,01-09,41951581.73 
01/09/2025,IMPUESTO DEBITO -LEY 25413     4930,-5.49,01-09,41951576.24 
01/09/2025,CR.TRAN. 30574816870 AMERICAN EXPRESS,59739.27,01-09,42011315.51 
01/09/2025,IMPUESTO CREDITO -LEY 25413    0001,-358.44,01-09,42010957.07 
01/09/2025,RETENCION ARBA                 0001,-1493.40,01-09,42009463.67 
01/09/2025,IMPUESTO DEBITO -LEY 25413     0001,-8.96,01-09,42009454.71 
01/09/2025,CR.DEBIN 01/09-S.203247 C:30657033770,7229.34,01-09,42016684.05 
01/09/2025,IMPUESTO CREDITO -LEY 25413,-43.38,01-09,42016640.67 
01/09/2025,RETENCION ARBA,-180.70,01-09,42016459.97 
01/09/2025,IMPUESTO DEBITO -LEY 25413,-1.08,01-09,42016458.89 
01/09/2025,DEB LOTE ZACCARO FABIAN,-11432532.51,01-09,30583926.38 
01/09/2025,IMPUESTO DEBITO -LEY 25413                           200014520,-68595.20,01-09,30515331.18 
01/09/2025,PAGOS A COMERCIOS VISA - L. 0000246146 - C. 00003907330,628158.71,01-09,31143489.89 
01/09/2025,IMPUESTO CREDITO -LEY 25413    1002 MEDIOS DE PAGO,-3768.95,01-09,31139720.94 
01/09/2025,RETENCION ARBA                 1002 MEDIOS DE PAGO,-15703.90,01-09,31124017.04 
01/09/2025,IMPUESTO DEBITO -LEY 25413     1002 MEDIOS DE PAGO,-94.22,01-09,31123922.82 
01/09/2025,PAGOS A COMERCIOS MASTERCARD - L. 0000246193 - C. 00003907330,160878.63,01-09,31284801.45 
01/09/2025,IMPUESTO CREDITO -LEY 25413    1002 MEDIOS DE PAGO,-965.27,01-09,31283836.18 
01/09/2025,RETENCION ARBA                 1002 MEDIOS DE PAGO,-4021.90,01-09,31279814.28 
01/09/2025,IMPUESTO DEBITO -LEY 25413     1002 MEDIOS DE PAGO,-24.13,01-09,31279790.15 
01/09/2025,PAGOS A COMERCIOS VISA - L. 0000246239 - C. 00003907330,109498.04,01-09,31389288.19 
01/09/2025,IMPUESTO CREDITO -LEY 25413    1002 MEDIOS DE PAGO,-656.99,01-09,31388631.20 
01/09/2025,RETENCION ARBA                 1002 MEDIOS DE PAGO,-2737.40,01-09,31385893.80 
01/09/2025,IMPUESTO DEBITO -LEY 25413     1002 MEDIOS DE PAGO,-16.42,01-09,31385877.38 
01/09/2025,PAGOS A COMERCIOS MASTERCARD - L. 0000246123 - C. 00003907330,18144.98,01-09,31404022.36 
01/09/2025,IMPUESTO CREDITO -LEY 25413    1002 MEDIOS DE PAGO,-108.87,01-09,31403913.49 
01/09/2025,RETENCION ARBA                 1002 MEDIOS DE PAGO,-453.60,01-09,31403459.89 
01/09/2025,IMPUESTO DEBITO -LEY 25413     1002 MEDIOS DE PAGO,-2.72,01-09,31403457.17 
01/09/2025,CARGO A COMERCIOS MASTERCARD - L. 0000246050 - C. 00003907330,-366.00,01-09,31403091.17 
01/09/2025,CR.DEBIN 01/09-S.509428 C:30657033770,28719.28,01-09,31431810.45 
01/09/2025,IMPUESTO CREDITO -LEY 25413,-172.32,01-09,31431638.13 
01/09/2025,RETENCION ARBA,-717.90,01-09,31430920.23 
01/09/2025,IMPUESTO DEBITO -LEY 25413,-4.31,01-09,31430915.92 
01/09/2025,CDNI 01/09-C.047244 D:20322795654 N:ANDRADE, MANUEL AGUS,300000.00,01-09,31730915.92 
01/09/2025,IMPUESTO CREDITO -LEY 25413,-1800.00,01-09,31729115.92 
01/09/2025,RETENCION ARBA,-7500.00,01-09,31721615.92 
01/09/2025,IMPUESTO DEBITO -LEY 25413,-45.00,01-09,31721570.92 
01/09/2025,CR.DEBIN 01/09-S.040069 C:30657033770,9903.20,01-09,31731474.12 
01/09/2025,IMPUESTO CREDITO -LEY 25413,-59.42,01-09,31731414.70 
01/09/2025,RETENCION ARBA,-247.50,01-09,31731167.20 
01/09/2025,IMPUESTO DEBITO -LEY 25413,-1.49,01-09,31731165.71 
01/09/2025,CR.TRAN. 30624944255ETESORERIA GENERAL PCIA BS 00D00,256207.21,01-09,31987372.92 
01/09/2025,IMPUESTO CREDITO -LEY 25413    2000 REGION Y CASA MATRIZ LA P,-1537.24,01-09,31985835.68 
01/09/2025,RETENCION ARBA                 2000 REGION Y CASA MATRIZ LA P,-6405.10,01-09,31979430.58 
01/09/2025,IMPUESTO DEBITO -LEY 25413     2000 REGION Y CASA MATRIZ LA P,-38.43,01-09,31979392.15 
01/09/2025,CR.TRA. COL DE FARMACE 30550857061BCO. 014 REF.VAR 0000007060,1342180.00,01-09,33321572.15 
01/09/2025,IMPUESTO CREDITO -LEY 25413    5015 CALLE 12 (LA PLATA),-8053.08,01-09,33313519.07 
01/09/2025,RETENCION ARBA                 5015 CALLE 12 (LA PLATA),-33554.50,01-09,33279964.57 
01/09/2025,IMPUESTO DEBITO -LEY 25413     5015 CALLE 12 (LA PLATA),-201.33,01-09,33279763.24 
01/09/2025,FEDERACION PATR RE.212344904 ID.0803339648000000250725,-12554.00,01-09,33267209.24 
01/09/2025,IMPUESTO DEBITO -LEY 25413     1989 DEBITO DIRECTO Y AUTOMATI,-75.32,01-09,33267133.92 
01/09/2025,FEDERACION PATR RE.212429343 ID.1300404757000000310825,-26770.02,01-09,33240363.90 
01/09/2025,IMPUESTO DEBITO -LEY 25413     1989 DEBITO DIRECTO Y AUTOMATI,-160.62,01-09,33240203.28 
01/09/2025,FEDERACION PATR RE.212436792 ID.1300370286000000270825,-19515.03,01-09,33220688.25 
01/09/2025,IMPUESTO DEBITO -LEY 25413     1989 DEBITO DIRECTO Y AUTOMATI,-117.09,01-09,33220571.16 
01/09/2025,REVERSA RETENCION ARBA,6405.10,01-09,33226976.26 
01/09/2025,REV. IMP.DEBITO.-LEY 25413,38.43,01-09,33227014.69 
01/09/2025,COMISION DATANET,-18.31,01-09,33226996.38 
01/09/2025,IMPUESTO DEBITO -LEY 25413,-0.11,01-09,33226996.27 
01/09/2025,COMISION DATANET,-24.39,01-09,33226971.88 
01/09/2025,IMPUESTO DEBITO -LEY 25413,-0.15,01-09,33226971.73 
01/09/2025,COMISION DATANET,-29.86,01-09,33226941.87 
01/09/2025,IMPUESTO DEBITO -LEY 25413,-0.18,01-09,33226941.69 
01/09/2025,COMISION DATANET,-34.66,01-09,33226907.03 
01/09/2025,IMPUESTO DEBITO -LEY 25413,-0.21,01-09,33226906.82 
01/09/2025,COMISION DATANET,-128.10,01-09,33226778.72 
01/09/2025,IMPUESTO DEBITO -LEY 25413,-0.77,01-09,33226777.95 
02/09/2025,CHEQUE DE CAMARA 007712604,-2026202.28,02-09,31200575.67 
02/09/2025,IMPUESTO DEBITO -LEY 25413     1950 COMPENSACION DE VALORES,-12157.21,02-09,31188418.46 
02/09/2025,CHEQUE DE CAMARA 007712607,-1747392.00,02-09,29441026.46 
02/09/2025,IMPUESTO DEBITO -LEY 25413     1950 COMPENSACION DE VALORES,-10484.35,02-09,29430542.11 
02/09/2025,CHEQUE DE CAMARA 007712608,-138666.00,02-09,29291876.11 
02/09/2025,IMPUESTO DEBITO -LEY 25413     1950 COMPENSACION DE VALORES,-832.00,02-09,29291044.11 
02/09/2025,CHEQUE DE CAMARA 011210322,-1579510.76,02-09,27711533.35 
02/09/2025,IMPUESTO DEBITO -LEY 25413     1950 COMPENSACION DE VALORES,-9477.06,02-09,27702056.29 
02/09/2025,CHEQUE DE CAMARA 011210380,-1897868.83,02-09,25804187.46 
02/09/2025,IMPUESTO DEBITO -LEY 25413     1950 COMPENSACION DE VALORES,-11387.21,02-09,25792800.25 
02/09/2025,CHEQUE DE CAMARA 011210386,-178807.99,02-09,25613992.26 
02/09/2025,IMPUESTO DEBITO -LEY 25413     1950 COMPENSACION DE VALORES,-1072.85,02-09,25612919.41 
02/09/2025,CHEQUE DE CAMARA 011210387,-288846.00,02-09,25324073.41 
02/09/2025,IMPUESTO DEBITO -LEY 25413     1950 COMPENSACION DE VALORES,-1733.08,02-09,25322340.33 
02/09/2025,PAGO CUOTA,COM,GASTOS PRESTAMO 1987 BIYCSA,-803611.51,02-09,24518728.82 
02/09/2025,IMPUESTO DEBITO -LEY 25413,-4821.67,02-09,24513907.15 
02/09/2025,CR.TRAN. 30574816870 AMERICAN EXPRESS,48912.12,02-09,24562819.27 
02/09/2025,IMPUESTO CREDITO -LEY 25413    0001,-293.47,02-09,24562525.80 
02/09/2025,RETENCION ARBA                 0001,-1222.80,02-09,24561303.00 
02/09/2025,IMPUESTO DEBITO -LEY 25413     0001,-7.34,02-09,24561295.66 
02/09/2025,PAGOS A COMERCIOS VISA - L. 0000246325 - C. 00003907330,1122230.04,02-09,25683525.70 
02/09/2025,IMPUESTO CREDITO -LEY 25413    1002 MEDIOS DE PAGO,-6733.38,02-09,25676792.32 
02/09/2025,RETENCION ARBA                 1002 MEDIOS DE PAGO,-28055.70,02-09,25648736.62 
02/09/2025,IMPUESTO DEBITO -LEY 25413     1002 MEDIOS DE PAGO,-168.33,02-09,25648568.29 
02/09/2025,PAGOS A COMERCIOS VISA - L. 0000246432 - C. 00003907330,560680.15,02-09,26209248.44 
02/09/2025,IMPUESTO CREDITO -LEY 25413    1002 MEDIOS DE PAGO,-3364.08,02-09,26205884.36 
02/09/2025,RETENCION ARBA                 1002 MEDIOS DE PAGO,-14017.00,02-09,26191867.36 
02/09/2025,IMPUESTO DEBITO -LEY 25413     1002 MEDIOS DE PAGO,-84.10,02-09,26191783.26 
02/09/2025,PAGOS A COMERCIOS MASTERCARD - L. 0000246288 - C. 00003907330,140541.15,02-09,26332324.41 
02/09/2025,IMPUESTO CREDITO -LEY 25413    1002 MEDIOS DE PAGO,-843.25,02-09,26331481.16 
02/09/2025,RETENCION ARBA                 1002 MEDIOS DE PAGO,-3513.50,02-09,26327967.66 
02/09/2025,IMPUESTO DEBITO -LEY 25413     1002 MEDIOS DE PAGO,-21.08,02-09,26327946.58 
02/09/2025,PAGOS A COMERCIOS MASTERCARD - L. 0000246375 - C. 00003907330,91602.25,02-09,26419548.83 
02/09/2025,IMPUESTO CREDITO -LEY 25413    1002 MEDIOS DE PAGO,-549.61,02-09,26418999.22 
02/09/2025,RETENCION ARBA                 1002 MEDIOS DE PAGO,-2290.00,02-09,26416709.22 
02/09/2025,IMPUESTO DEBITO -LEY 25413     1002 MEDIOS DE PAGO,-13.74,02-09,26416695.48 
02/09/2025,PAGOS A COMERCIOS MASTERCARD - L. 0000246322 - C. 00003907330,34917.30,02-09,26451612.78 
02/09/2025,IMPUESTO CREDITO -LEY 25413    1002 MEDIOS DE PAGO,-209.50,02-09,26451403.28 
02/09/2025,RETENCION ARBA                 1002 MEDIOS DE PAGO,-872.90,02-09,26450530.38 
02/09/2025,IMPUESTO DEBITO -LEY 25413     1002 MEDIOS DE PAGO,-5.24,02-09,26450525.14 
02/09/2025,CARGO A COMERCIOS MASTERCARD - L. 0000246212 - C. 00003907330,-2282.06,02-09,26448243.08 
02/09/2025,BIP DB TR 02/09-C.000120510377 DES:0014-03-520805107474,-1300000.00,02-09,25148243.08 
02/09/2025,IMPUESTO DEBITO -LEY 25413,-7800.00,02-09,25140443.08 
02/09/2025,COMISION TRANSFERENCIA/GIRO,-4635.00,02-09,25135808.08 
02/09/2025,CR.DEBIN 02/09-S.862432 C:30657033770,20697.69,02-09,25156505.77 
02/09/2025,IMPUESTO CREDITO -LEY 25413,-124.19,02-09,25156381.58 
02/09/2025,RETENCION ARBA,-517.40,02-09,25155864.18 
02/09/2025,IMPUESTO DEBITO -LEY 25413,-3.10,02-09,25155861.08 
02/09/2025,FEDERACION PATR RE.212456708 ID.0433756143000000010925,-260800.00,02-09,24895061.08 
02/09/2025,IMPUESTO DEBITO -LEY 25413     1989 DEBITO DIRECTO Y AUTOMATI,-1564.80,02-09,24893496.28 
03/09/2025,PAGOS A COMERCIOS VISA - L. 0000246512 - C. 00003907330,577256.31,03-09,25470752.59 
03/09/2025,IMPUESTO CREDITO -LEY 25413    1002 MEDIOS DE PAGO,-3463.54,03-09,25467289.05 
03/09/2025,RETENCION ARBA                 1002 MEDIOS DE PAGO,-14431.40,03-09,25452857.65 
03/09/2025,IMPUESTO DEBITO -LEY 25413     1002 MEDIOS DE PAGO,-86.59,03-09,25452771.06 
03/09/2025,PAGOS A COMERCIOS VISA - L. 0000246611 - C. 00003907330,302454.03,03-09,25755225.09 
03/09/2025,IMPUESTO CREDITO -LEY 25413    1002 MEDIOS DE PAGO,-1814.72,03-09,25753410.37 
03/09/2025,RETENCION ARBA                 1002 MEDIOS DE PAGO,-7561.30,03-09,25745849.07 
03/09/2025,IMPUESTO DEBITO -LEY 25413     1002 MEDIOS DE PAGO,-45.37,03-09,25745803.70 
03/09/2025,PAGOS A COMERCIOS MASTERCARD - L. 0000246558 - C. 00003907330,90792.90,03-09,25836596.60 
03/09/2025,IMPUESTO CREDITO -LEY 25413    1002 MEDIOS DE PAGO,-544.76,03-09,25836051.84 
03/09/2025,RETENCION ARBA                 1002 MEDIOS DE PAGO,-2269.80,03-09,25833782.04 
03/09/2025,IMPUESTO DEBITO -LEY 25413     1002 MEDIOS DE PAGO,-13.62,03-09,25833768.42 
03/09/2025,PAGOS A COMERCIOS MASTERCARD - L. 0000246485 - C. 00003907330,89541.13,03-09,25923309.55 
03/09/2025,IMPUESTO CREDITO -LEY 25413    1002 MEDIOS DE PAGO,-537.25,03-09,25922772.30 
03/09/2025,RETENCION ARBA                 1002 MEDIOS DE PAGO,-2238.50,03-09,25920533.80 
03/09/2025,IMPUESTO DEBITO -LEY 25413     1002 MEDIOS DE PAGO,-13.43,03-09,25920520.37 
03/09/2025,CARGO A COMERCIOS MASTERCARD - L. 0000246393 - C. 00003907330,-418.00,03-09,25920102.37 
03/09/2025,CR.TRAN. 30715803891 RAPPI ARG SAS,55328.01,03-09,25975430.38 
03/09/2025,IMPUESTO CREDITO -LEY 25413    0814,-331.97,03-09,25975098.41 
03/09/2025,RETENCION ARBA                 0814,-1383.20,03-09,25973715.21 
03/09/2025,IMPUESTO DEBITO -LEY 25413     0814,-8.30,03-09,25973706.91 
03/09/2025,CR.DEBIN 03/09-S.343664 C:30657033770,15845.12,03-09,25989552.03 
03/09/2025,IMPUESTO CREDITO -LEY 25413,-95.07,03-09,25989456.96 
03/09/2025,RETENCION ARBA,-396.10,03-09,25989060.86 
03/09/2025,IMPUESTO DEBITO -LEY 25413,-2.38,03-09,25989058.48 
03/09/2025,CR.DEBIN 03/09-S.080505 C:30657033770,16241.25,03-09,26005299.73 
03/09/2025,IMPUESTO CREDITO -LEY 25413,-97.45,03-09,26005202.28 
03/09/2025,RETENCION ARBA,-406.00,03-09,26004796.28 
03/09/2025,IMPUESTO DEBITO -LEY 25413,-2.44,03-09,26004793.84 
03/09/2025,CR.DEBIN 03/09-S.382777 C:30657033770,9903.20,03-09,26014697.04 
03/09/2025,IMPUESTO CREDITO -LEY 25413,-59.42,03-09,26014637.62 
03/09/2025,RETENCION ARBA,-247.50,03-09,26014390.12 
03/09/2025,IMPUESTO DEBITO -LEY 25413,-1.49,03-09,26014388.63 
03/09/2025,CR.TRAN. 30546666707 Facultad de Ciencias M?dicas 00X25,134111.45,03-09,26148500.08 
03/09/2025,IMPUESTO CREDITO -LEY 25413    2170,-804.67,03-09,26147695.41 
03/09/2025,RETENCION ARBA                 2170,-3352.70,03-09,26144342.71 
03/09/2025,IMPUESTO DEBITO -LEY 25413     2170,-20.12,03-09,26144322.59 
03/09/2025,FEDERACION PATR RE.212511199 ID.0432965617000000030925,-221266.00,03-09,25923056.59 
03/09/2025,IMPUESTO DEBITO -LEY 25413     1989 DEBITO DIRECTO Y AUTOMATI,-1327.60,03-09,25921728.99 
04/09/2025,CR.DEBIN 03/09-S.373313 C:30657033770,15647.06,04-09,25937376.05 
04/09/2025,IMPUESTO CREDITO -LEY 25413,-93.88,04-09,25937282.17 
04/09/2025,RETENCION ARBA,-391.10,04-09,25936891.07 
04/09/2025,IMPUESTO DEBITO -LEY 25413,-2.35,04-09,25936888.72 
04/09/2025,PAGOS A COMERCIOS VISA - L. 0000246780 - C. 00003907330,507750.23,04-09,26444638.95 
04/09/2025,IMPUESTO CREDITO -LEY 25413    1002 MEDIOS DE PAGO,-3046.50,04-09,26441592.45 
04/09/2025,RETENCION ARBA                 1002 MEDIOS DE PAGO,-12693.70,04-09,26428898.75 
04/09/2025,IMPUESTO DEBITO -LEY 25413     1002 MEDIOS DE PAGO,-76.16,04-09,26428822.59 
04/09/2025,PAGOS A COMERCIOS VISA - L. 0000246685 - C. 00003907330,330719.67,04-09,26759542.26 
04/09/2025,IMPUESTO CREDITO -LEY 25413    1002 MEDIOS DE PAGO,-1984.32,04-09,26757557.94 
04/09/2025,RETENCION ARBA                 1002 MEDIOS DE PAGO,-8267.90,04-09,26749290.04 
04/09/2025,IMPUESTO DEBITO -LEY 25413     1002 MEDIOS DE PAGO,-49.61,04-09,26749240.43 
04/09/2025,PAGOS A COMERCIOS MASTERCARD - L. 0000246731 - C. 00003907330,80825.94,04-09,26830066.37 
04/09/2025,IMPUESTO CREDITO -LEY 25413    1002 MEDIOS DE PAGO,-484.96,04-09,26829581.41 
04/09/2025,RETENCION ARBA                 1002 MEDIOS DE PAGO,-2020.60,04-09,26827560.81 
04/09/2025,IMPUESTO DEBITO -LEY 25413     1002 MEDIOS DE PAGO,-12.12,04-09,26827548.69 
04/09/2025,PAGOS A COMERCIOS MASTERCARD - L. 0000246658 - C. 00003907330,46187.23,04-09,26873735.92 
04/09/2025,IMPUESTO CREDITO -LEY 25413    1002 MEDIOS DE PAGO,-277.12,04-09,26873458.80 
04/09/2025,RETENCION ARBA                 1002 MEDIOS DE PAGO,-1154.60,04-09,26872304.20 
04/09/2025,IMPUESTO DEBITO -LEY 25413     1002 MEDIOS DE PAGO,-6.93,04-09,26872297.27 
04/09/2025,CARGO A COMERCIOS MASTERCARD - L. 0000246581 - C. 00003907330,-926.00,04-09,26871371.27 
04/09/2025,CR.TRAN. 30624944255ETESORERIA GENERAL PCIA BS 00D00,7547972.12,04-09,34419343.39 
04/09/2025,IMPUESTO CREDITO -LEY 25413    2000 REGION Y CASA MATRIZ LA P,-45287.83,04-09,34374055.56 
04/09/2025,RETENCION ARBA                 2000 REGION Y CASA MATRIZ LA P,-188699.30,04-09,34185356.26 
04/09/2025,IMPUESTO DEBITO -LEY 25413     2000 REGION Y CASA MATRIZ LA P,-1132.20,04-09,34184224.06 
04/09/2025,CR.DEBIN 04/09-S.651455 C:30657033770,15845.12,04-09,34200069.18 
04/09/2025,IMPUESTO CREDITO -LEY 25413,-95.07,04-09,34199974.11 
04/09/2025,RETENCION ARBA,-396.10,04-09,34199578.01 
04/09/2025,IMPUESTO DEBITO -LEY 25413,-2.38,04-09,34199575.63 
04/09/2025,CR.DEBIN 04/09-S.463786 C:30657033770,42583.76,04-09,34242159.39 
04/09/2025,IMPUESTO CREDITO -LEY 25413,-255.50,04-09,34241903.89 
04/09/2025,RETENCION ARBA,-1064.50,04-09,34240839.39 
04/09/2025,IMPUESTO DEBITO -LEY 25413,-6.39,04-09,34240833.00 
04/09/2025,CR.DEBIN 04/09-S.703799 C:30657033770,15647.06,04-09,34256480.06 
04/09/2025,IMPUESTO CREDITO -LEY 25413,-93.88,04-09,34256386.18 
04/09/2025,RETENCION ARBA,-391.10,04-09,34255995.08 
04/09/2025,IMPUESTO DEBITO -LEY 25413,-2.35,04-09,34255992.73 
04/09/2025,P.SERV 04/09-COM.123985 -ENTE950 -30657033770,-5818079.60,04-09,28437913.13 
04/09/2025,IMPUESTO DEBITO -LEY 25413,-34908.48,04-09,28403004.65 
04/09/2025,CR.TRAN. 30657877669 EDELAP,584815.39,04-09,28987820.04 
04/09/2025,IMPUESTO CREDITO -LEY 25413    4930,-3508.89,04-09,28984311.15 
04/09/2025,RETENCION ARBA                 4930,-14620.30,04-09,28969690.85 
04/09/2025,IMPUESTO DEBITO -LEY 25413     4930,-87.72,04-09,28969603.13 
04/09/2025,CR.TRAN. 30657877669 EDELAP,198059.50,04-09,29167662.63 
04/09/2025,IMPUESTO CREDITO -LEY 25413    4930,-1188.36,04-09,29166474.27 
04/09/2025,RETENCION ARBA                 4930,-4951.40,04-09,29161522.87 
04/09/2025,IMPUESTO DEBITO -LEY 25413     4930,-29.71,04-09,29161493.16 
04/09/2025,CR.TRAN. 30657877669 EDELAP,204619.85,04-09,29366113.01 
04/09/2025,IMPUESTO CREDITO -LEY 25413    4930,-1227.72,04-09,29364885.29 
04/09/2025,RETENCION ARBA                 4930,-5115.40,04-09,29359769.89 
04/09/2025,IMPUESTO DEBITO -LEY 25413     4930,-30.69,04-09,29359739.20 
04/09/2025,CR.TRAN. 30657877669 EDELAP,136182.10,04-09,29495921.30 
04/09/2025,IMPUESTO CREDITO -LEY 25413    4930,-817.09,04-09,29495104.21 
04/09/2025,RETENCION ARBA                 4930,-3404.50,04-09,29491699.71 
04/09/2025,IMPUESTO DEBITO -LEY 25413     4930,-20.43,04-09,29491679.28 
04/09/2025,REVERSA RETENCION ARBA,188699.30,04-09,29680378.58 
04/09/2025,REV. IMP.DEBITO.-LEY 25413,1132.20,04-09,29681510.78 
04/09/2025,COMISION DATANET,-68.09,04-09,29681442.69 
04/09/2025,IMPUESTO DEBITO -LEY 25413,-0.41,04-09,29681442.28 
04/09/2025,COMISION DATANET,-99.02,04-09,29681343.26 
04/09/2025,IMPUESTO DEBITO -LEY 25413,-0.59,04-09,29681342.67 
04/09/2025,COMISION DATANET,-102.30,04-09,29681240.37 
04/09/2025,IMPUESTO DEBITO -LEY 25413,-0.61,04-09,29681239.76 
04/09/2025,COMISION DATANET,-292.40,04-09,29680947.36 
04/09/2025,IMPUESTO DEBITO -LEY 25413,-1.75,04-09,29680945.61 
04/09/2025,COMISION DATANET,-3773.98,04-09,29677171.63 
04/09/2025,IMPUESTO I.BRUTOS - PERCEPCION,-188.70,04-09,29676982.93 
04/09/2025,IMPUESTO DEBITO -LEY 25413,-22.64,04-09,29676960.29 
04/09/2025,IMPUESTO DEBITO -LEY 25413,-1.13,04-09,29676959.16 
05/09/2025,CR.DEBIN 04/09-S.128681 C:30657033770,32680.56,05-09,29709639.72 
05/09/2025,IMPUESTO CREDITO -LEY 25413,-196.08,05-09,29709443.64 
05/09/2025,RETENCION ARBA,-817.00,05-09,29708626.64 
05/09/2025,IMPUESTO DEBITO -LEY 25413,-4.90,05-09,29708621.74 
05/09/2025,CR.DEBIN 04/09-S.123718 C:30657033770,32680.56,05-09,29741302.30 
05/09/2025,IMPUESTO CREDITO -LEY 25413,-196.08,05-09,29741106.22 
05/09/2025,RETENCION ARBA,-817.00,05-09,29740289.22 
05/09/2025,IMPUESTO DEBITO -LEY 25413,-4.90,05-09,29740284.32 
05/09/2025,CR.DEBIN 04/09-S.336225 C:30657033770,23173.49,05-09,29763457.81 
05/09/2025,IMPUESTO CREDITO -LEY 25413,-139.04,05-09,29763318.77 
05/09/2025,RETENCION ARBA,-579.30,05-09,29762739.47 
05/09/2025,IMPUESTO DEBITO -LEY 25413,-3.48,05-09,29762735.99 
05/09/2025,CR.DEBIN 04/09-S.918424 C:30657033770,18618.02,05-09,29781354.01 
05/09/2025,IMPUESTO CREDITO -LEY 25413,-111.71,05-09,29781242.30 
05/09/2025,RETENCION ARBA,-465.40,05-09,29780776.90 
05/09/2025,IMPUESTO DEBITO -LEY 25413,-2.79,05-09,29780774.11 
05/09/2025,CR.DEBIN 04/09-S.340435 C:30657033770,7526.43,05-09,29788300.54 
05/09/2025,IMPUESTO CREDITO -LEY 25413,-45.16,05-09,29788255.38 
05/09/2025,RETENCION ARBA,-188.10,05-09,29788067.28 
05/09/2025,IMPUESTO DEBITO -LEY 25413,-1.13,05-09,29788066.15 
05/09/2025,CHEQUE DE CAMARA 011210301,-475504.11,05-09,29312562.04 
05/09/2025,IMPUESTO DEBITO -LEY 25413     1950 COMPENSACION DE VALORES,-2853.02,05-09,29309709.02 
05/09/2025,CHEQUE DE CAMARA 011210366,-974217.00,05-09,28335492.02 
05/09/2025,IMPUESTO DEBITO -LEY 25413     1950 COMPENSACION DE VALORES,-5845.30,05-09,28329646.72 
05/09/2025,PAGOS A COMERCIOS VISA - L. 0000246864 - C. 00003907330,618869.16,05-09,28948515.88 
05/09/2025,IMPUESTO CREDITO -LEY 25413    1002 MEDIOS DE PAGO,-3713.21,05-09,28944802.67 
05/09/2025,RETENCION ARBA                 1002 MEDIOS DE PAGO,-15471.70,05-09,28929330.97 
05/09/2025,IMPUESTO DEBITO -LEY 25413     1002 MEDIOS DE PAGO,-92.83,05-09,28929238.14 
05/09/2025,PAGOS A COMERCIOS VISA - L. 0000246963 - C. 00003907330,299008.71,05-09,29228246.85 
05/09/2025,IMPUESTO CREDITO -LEY 25413    1002 MEDIOS DE PAGO,-1794.05,05-09,29226452.80 
05/09/2025,RETENCION ARBA                 1002 MEDIOS DE PAGO,-7475.20,05-09,29218977.60 
05/09/2025,IMPUESTO DEBITO -LEY 25413     1002 MEDIOS DE PAGO,-44.85,05-09,29218932.75 
05/09/2025,PAGOS A COMERCIOS MASTERCARD - L. 0000246836 - C. 00003907330,84757.45,05-09,29303690.20 
05/09/2025,IMPUESTO CREDITO -LEY 25413    1002 MEDIOS DE PAGO,-508.54,05-09,29303181.66 
05/09/2025,RETENCION ARBA                 1002 MEDIOS DE PAGO,-2118.90,05-09,29301062.76 
05/09/2025,IMPUESTO DEBITO -LEY 25413     1002 MEDIOS DE PAGO,-12.71,05-09,29301050.05 
05/09/2025,PAGOS A COMERCIOS MASTERCARD - L. 0000246913 - C. 00003907330,57243.16,05-09,29358293.21 
05/09/2025,IMPUESTO CREDITO -LEY 25413    1002 MEDIOS DE PAGO,-343.46,05-09,29357949.75 
05/09/2025,RETENCION ARBA                 1002 MEDIOS DE PAGO,-1431.00,05-09,29356518.75 
05/09/2025,IMPUESTO DEBITO -LEY 25413     1002 MEDIOS DE PAGO,-8.59,05-09,29356510.16 
05/09/2025,CARGO A COMERCIOS MASTERCARD - L. 0000246751 - C. 00003907330,-418.00,05-09,29356092.16 
05/09/2025,CHEQUE DE CAMARA 011210376,-1864128.47,05-09,27491963.69 
05/09/2025,IMPUESTO DEBITO -LEY 25413     5011 ALDO BONZI,-11184.77,05-09,27480778.92 
05/09/2025,CR.DEBIN 05/09-S.726015 C:30657033770,37632.16,05-09,27518411.08 
05/09/2025,IMPUESTO CREDITO -LEY 25413,-225.79,05-09,27518185.29 
05/09/2025,RETENCION ARBA,-940.80,05-09,27517244.49 
05/09/2025,IMPUESTO DEBITO -LEY 25413,-5.64,05-09,27517238.85 
08/09/2025,CHEQUE DE CAMARA 011210370,-2350911.11,08-09,25166327.74 
08/09/2025,IMPUESTO DEBITO -LEY 25413     1950 COMPENSACION DE VALORES,-14105.47,08-09,25152222.27 
08/09/2025,CHEQUE DE CAMARA 011210382,-1932700.00,08-09,23219522.27 
08/09/2025,IMPUESTO DEBITO -LEY 25413     1950 COMPENSACION DE VALORES,-11596.20,08-09,23207926.07 
08/09/2025,CDNI 06/09-C.129546 D:27222720627 N:FLORES, ROSA ELIZABE,85000.00,08-09,23292926.07 
08/09/2025,IMPUESTO CREDITO -LEY 25413,-510.00,08-09,23292416.07 
08/09/2025,RETENCION ARBA,-2125.00,08-09,23290291.07 
08/09/2025,IMPUESTO DEBITO -LEY 25413,-12.75,08-09,23290278.32 
08/09/2025,CR.DEBIN 06/09-S.025986 C:30657033770,20994.78,08-09,23311273.10 
08/09/2025,IMPUESTO CREDITO -LEY 25413,-125.97,08-09,23311147.13 
08/09/2025,RETENCION ARBA,-524.80,08-09,23310622.33 
08/09/2025,IMPUESTO DEBITO -LEY 25413,-3.15,08-09,23310619.18 
08/09/2025,CR.DEBIN 06/09-S.350572 C:30657033770,3466.12,08-09,23314085.30 
08/09/2025,IMPUESTO CREDITO -LEY 25413,-20.80,08-09,23314064.50 
08/09/2025,RETENCION ARBA,-86.60,08-09,23313977.90 
08/09/2025,IMPUESTO DEBITO -LEY 25413,-0.52,08-09,23313977.38 
08/09/2025,CR.DEBIN 06/09-S.136037 C:30657033770,51496.64,08-09,23365474.02 
08/09/2025,IMPUESTO CREDITO -LEY 25413,-308.98,08-09,23365165.04 
08/09/2025,RETENCION ARBA,-1287.40,08-09,23363877.64 
08/09/2025,IMPUESTO DEBITO -LEY 25413,-7.72,08-09,23363869.92 
08/09/2025,CR.TRAN. 30574816870 AMERICAN EXPRESS,1853988.55,08-09,25217858.47 
08/09/2025,IMPUESTO CREDITO -LEY 25413    0001,-11123.93,08-09,25206734.54 
08/09/2025,RETENCION ARBA                 0001,-46349.70,08-09,25160384.84 
08/09/2025,IMPUESTO DEBITO -LEY 25413     0001,-278.10,08-09,25160106.74 
08/09/2025,PAGOS A COMERCIOS VISA - L. 0000247039 - C. 00003907330,592096.31,08-09,25752203.05 
08/09/2025,IMPUESTO CREDITO -LEY 25413    1002 MEDIOS DE PAGO,-3552.58,08-09,25748650.47 
08/09/2025,RETENCION ARBA                 1002 MEDIOS DE PAGO,-14802.40,08-09,25733848.07 
08/09/2025,IMPUESTO DEBITO -LEY 25413     1002 MEDIOS DE PAGO,-88.81,08-09,25733759.26 
08/09/2025,PAGOS A COMERCIOS VISA - L. 0000247135 - C. 00003907330,360249.37,08-09,26094008.63 
08/09/2025,IMPUESTO CREDITO -LEY 25413    1002 MEDIOS DE PAGO,-2161.50,08-09,26091847.13 
08/09/2025,RETENCION ARBA                 1002 MEDIOS DE PAGO,-9006.20,08-09,26082840.93 
08/09/2025,IMPUESTO DEBITO -LEY 25413     1002 MEDIOS DE PAGO,-54.04,08-09,26082786.89 
08/09/2025,PAGOS A COMERCIOS MASTERCARD - L. 0000247008 - C. 00003907330,94315.10,08-09,26177101.99 
08/09/2025,IMPUESTO CREDITO -LEY 25413    1002 MEDIOS DE PAGO,-565.89,08-09,26176536.10 
08/09/2025,RETENCION ARBA                 1002 MEDIOS DE PAGO,-2357.80,08-09,26174178.30 
08/09/2025,IMPUESTO DEBITO -LEY 25413     1002 MEDIOS DE PAGO,-14.15,08-09,26174164.15 
08/09/2025,PAGOS A COMERCIOS MASTERCARD - L. 0000247089 - C. 00003907330,50079.30,08-09,26224243.45 
08/09/2025,IMPUESTO CREDITO -LEY 25413    1002 MEDIOS DE PAGO,-300.48,08-09,26223942.97 
08/09/2025,RETENCION ARBA                 1002 MEDIOS DE PAGO,-1251.90,08-09,26222691.07 
08/09/2025,IMPUESTO DEBITO -LEY 25413     1002 MEDIOS DE PAGO,-7.51,08-09,26222683.56 
08/09/2025,CARGO A COMERCIOS MASTERCARD - L. 0000246932 - C. 00003907330,-1164.00,08-09,26221519.56 
08/09/2025,CR.DEBIN 08/09-S.780443 C:30657033770,3000000.00,08-09,29221519.56 
08/09/2025,IMPUESTO CREDITO -LEY 25413,-18000.00,08-09,29203519.56 
08/09/2025,RETENCION ARBA,-75000.00,08-09,29128519.56 
08/09/2025,IMPUESTO DEBITO -LEY 25413,-450.00,08-09,29128069.56 
08/09/2025,CR.TRAN. 30550857061CCOLEG FARMACEUTICOS PCIA BS A 00A04,78959.40,08-09,29207028.96 
08/09/2025,IMPUESTO CREDITO -LEY 25413    2000 REGION Y CASA MATRIZ LA P,-473.76,08-09,29206555.20 
08/09/2025,RETENCION ARBA                 2000 REGION Y CASA MATRIZ LA P,-1973.90,08-09,29204581.30 
08/09/2025,IMPUESTO DEBITO -LEY 25413     2000 REGION Y CASA MATRIZ LA P,-11.84,08-09,29204569.46 
08/09/2025,CR.TRAN. 30624944255ETESORERIA GENERAL PCIA BS 00D00,1210276.64,08-09,30414846.10 
08/09/2025,IMPUESTO CREDITO -LEY 25413    2000 REGION Y CASA MATRIZ LA P,-7261.66,08-09,30407584.44 
08/09/2025,RETENCION ARBA                 2000 REGION Y CASA MATRIZ LA P,-30256.90,08-09,30377327.54 
08/09/2025,IMPUESTO DEBITO -LEY 25413     2000 REGION Y CASA MATRIZ LA P,-181.54,08-09,30377146.00 
08/09/2025,CR.TRAN. 30624944255ETESORERIA GENERAL PCIA BS 00D00,1410687.70,08-09,31787833.70 
08/09/2025,IMPUESTO CREDITO -LEY 25413    2000 REGION Y CASA MATRIZ LA P,-8464.13,08-09,31779369.57 
08/09/2025,RETENCION ARBA                 2000 REGION Y CASA MATRIZ LA P,-35267.10,08-09,31744102.47 
08/09/2025,IMPUESTO DEBITO -LEY 25413     2000 REGION Y CASA MATRIZ LA P,-211.60,08-09,31743890.87 
08/09/2025,CR.TRAN. 30624944255ETESORERIA GENERAL PCIA BS 00D00,1642088.85,08-09,33385979.72 
08/09/2025,IMPUESTO CREDITO -LEY 25413    2000 REGION Y CASA MATRIZ LA P,-9852.53,08-09,33376127.19 
08/09/2025,RETENCION ARBA                 2000 REGION Y CASA MATRIZ LA P,-41052.20,08-09,33335074.99 
08/09/2025,IMPUESTO DEBITO -LEY 25413     2000 REGION Y CASA MATRIZ LA P,-246.31,08-09,33334828.68 
08/09/2025,CR.TRAN. 30624944255ETESORERIA GENERAL PCIA BS 00D00,561597.95,08-09,33896426.63 
08/09/2025,IMPUESTO CREDITO -LEY 25413    2000 REGION Y CASA MATRIZ LA P,-3369.59,08-09,33893057.04 
08/09/2025,RETENCION ARBA                 2000 REGION Y CASA MATRIZ LA P,-14039.90,08-09,33879017.14 
08/09/2025,IMPUESTO DEBITO -LEY 25413     2000 REGION Y CASA MATRIZ LA P,-84.24,08-09,33878932.90 
08/09/2025,PAGO LIQUIDACION VISA          1002 MEDIOS DE PAGO,-2025793.33,08-09,31853139.57 
08/09/2025,IMPUESTO DEBITO -LEY 25413     1002 MEDIOS DE PAGO,-12154.76,08-09,31840984.81 
08/09/2025,FEDERACION PATR RE.212636772 ID.1300382359000000060925,-19461.70,08-09,31821523.11 
08/09/2025,IMPUESTO DEBITO -LEY 25413     1989 DEBITO DIRECTO Y AUTOMATI,-116.77,08-09,31821406.34 
08/09/2025,REVERSA RETENCION ARBA,41052.20,08-09,31862458.54 
08/09/2025,REVERSA RETENCION ARBA,35267.10,08-09,31897725.64 
08/09/2025,REVERSA RETENCION ARBA,30256.90,08-09,31927982.54 
08/09/2025,REVERSA RETENCION ARBA,14039.90,08-09,31942022.44 
08/09/2025,REV. IMP.DEBITO.-LEY 25413,246.31,08-09,31942268.75 
08/09/2025,REV. IMP.DEBITO.-LEY 25413,211.60,08-09,31942480.35 
08/09/2025,REV. IMP.DEBITO.-LEY 25413,181.54,08-09,31942661.89 
08/09/2025,REV. IMP.DEBITO.-LEY 25413,84.24,08-09,31942746.13 
08/09/2025,COMISION MENSUAL TRANSFER. DESDE 01-08-2025 HASTA 31-08-2025,-38.00,08-09,31942708.13 
08/09/2025,IMPUESTO DEBITO -LEY 25413,-0.23,08-09,31942707.90 
08/09/2025,COMISION DATANET,-39.47,08-09,31942668.43 
08/09/2025,IMPUESTO DEBITO -LEY 25413,-0.24,08-09,31942668.19 
08/09/2025,COMISION DATANET,-926.99,08-09,31941741.20 
08/09/2025,IMPUESTO DEBITO -LEY 25413,-5.56,08-09,31941735.64 
08/09/2025,COMISION DATANET,-2412.30,08-09,31939323.34 
08/09/2025,IMPUESTO DEBITO -LEY 25413,-14.47,08-09,31939308.87 
09/09/2025,CHEQUE DE CAMARA 007712605,-1486524.24,09-09,30452784.63 
09/09/2025,IMPUESTO DEBITO -LEY 25413     1950 COMPENSACION DE VALORES,-8919.15,09-09,30443865.48 
09/09/2025,CHEQUE DE CAMARA 011210389,-1323902.76,09-09,29119962.72 
09/09/2025,IMPUESTO DEBITO -LEY 25413     1950 COMPENSACION DE VALORES,-7943.42,09-09,29112019.30 
09/09/2025,CHEQUE DE CAMARA 011210392,-453600.00,09-09,28658419.30 
09/09/2025,IMPUESTO DEBITO -LEY 25413     1950 COMPENSACION DE VALORES,-2721.60,09-09,28655697.70 
09/09/2025,CHEQUE DE CAMARA 011210399,-1654300.00,09-09,27001397.70 
09/09/2025,IMPUESTO DEBITO -LEY 25413     1950 COMPENSACION DE VALORES,-9925.80,09-09,26991471.90 
09/09/2025,CR.TRAN. 30574816870 AMERICAN EXPRESS,25263.35,09-09,27016735.25 
09/09/2025,IMPUESTO CREDITO -LEY 25413    0001,-151.58,09-09,27016583.67 
09/09/2025,RETENCION ARBA                 0001,-631.50,09-09,27015952.17 
09/09/2025,IMPUESTO DEBITO -LEY 25413     0001,-3.79,09-09,27015948.38 
09/09/2025,PAGOS A COMERCIOS VISA - L. 0000247220 - C. 00003907330,1343190.97,09-09,28359139.35 
09/09/2025,IMPUESTO CREDITO -LEY 25413    1002 MEDIOS DE PAGO,-8059.15,09-09,28351080.20 
09/09/2025,RETENCION ARBA                 1002 MEDIOS DE PAGO,-33579.70,09-09,28317500.50 
09/09/2025,IMPUESTO DEBITO -LEY 25413     1002 MEDIOS DE PAGO,-201.48,09-09,28317299.02 
09/09/2025,PAGOS A COMERCIOS VISA - L. 0000247337 - C. 00003907330,267673.05,09-09,28584972.07 
09/09/2025,IMPUESTO CREDITO -LEY 25413    1002 MEDIOS DE PAGO,-1606.04,09-09,28583366.03 
09/09/2025,RETENCION ARBA                 1002 MEDIOS DE PAGO,-6691.80,09-09,28576674.23 
09/09/2025,IMPUESTO DEBITO -LEY 25413     1002 MEDIOS DE PAGO,-40.15,09-09,28576634.08 
09/09/2025,PAGOS A COMERCIOS MASTERCARD - L. 0000247275 - C. 00003907330,67339.32,09-09,28643973.40 
09/09/2025,IMPUESTO CREDITO -LEY 25413    1002 MEDIOS DE PAGO,-404.04,09-09,28643569.36 
09/09/2025,RETENCION ARBA                 1002 MEDIOS DE PAGO,-1683.40,09-09,28641885.96 
09/09/2025,IMPUESTO DEBITO -LEY 25413     1002 MEDIOS DE PAGO,-10.10,09-09,28641875.86 
09/09/2025,PAGOS A COMERCIOS MASTERCARD - L. 0000247179 - C. 00003907330,47516.57,09-09,28689392.43 
09/09/2025,IMPUESTO CREDITO -LEY 25413    1002 MEDIOS DE PAGO,-285.10,09-09,28689107.33 
09/09/2025,RETENCION ARBA                 1002 MEDIOS DE PAGO,-1187.90,09-09,28687919.43 
09/09/2025,IMPUESTO DEBITO -LEY 25413     1002 MEDIOS DE PAGO,-7.13,09-09,28687912.30 
09/09/2025,CARGO A COMERCIOS MASTERCARD - L. 0000247104 - C. 00003907330,-3857.74,09-09,28684054.56 
09/09/2025,CHEQUE DE CAMARA 011210388,-2239153.17,09-09,26444901.39 
09/09/2025,IMPUESTO DEBITO -LEY 25413     6952 GENERAL MADARIAGA,-13434.92,09-09,26431466.47 
09/09/2025,CR.DEBIN 09/09-S.814436 C:30657033770,4951.60,09-09,26436418.07 
09/09/2025,IMPUESTO CREDITO -LEY 25413,-29.71,09-09,26436388.36 
09/09/2025,RETENCION ARBA,-123.70,09-09,26436264.66 
09/09/2025,IMPUESTO DEBITO -LEY 25413,-0.74,09-09,26436263.92 
09/09/2025,BIP DB.TR.09/09-C.514287 D:30619453065 N:INVIU S.A.U.,-6000000.00,09-09,20436263.92 
09/09/2025,IMPUESTO DEBITO -LEY 25413,-36000.00,09-09,20400263.92 
09/09/2025,COMISION TRANSFERENCIA/GIRO,-4635.00,09-09,20395628.92 
09/09/2025,CR.DEBIN 09/09-S.674994 C:30657033770,7427.40,09-09,20403056.32 
09/09/2025,IMPUESTO CREDITO -LEY 25413,-44.56,09-09,20403011.76 
09/09/2025,RETENCION ARBA,-185.60,09-09,20402826.16 
09/09/2025,IMPUESTO DEBITO -LEY 25413,-1.11,09-09,20402825.05 
09/09/2025,CR.TRAN. 30624944255ETESORERIA GENERAL PCIA BS 00D00,12718905.86,09-09,33121730.91 
09/09/2025,IMPUESTO CREDITO -LEY 25413    2000 REGION Y CASA MATRIZ LA P,-76313.44,09-09,33045417.47 
09/09/2025,RETENCION ARBA                 2000 REGION Y CASA MATRIZ LA P,-317972.60,09-09,32727444.87 
09/09/2025,IMPUESTO DEBITO -LEY 25413     2000 REGION Y CASA MATRIZ LA P,-1907.84,09-09,32725537.03 
09/09/2025,CR.TRAN. 30657864281 CAMUZZI GAS PAMPEANA,163127.59,09-09,32888664.62 
09/09/2025,IMPUESTO CREDITO -LEY 25413    0101,-978.77,09-09,32887685.85 
09/09/2025,RETENCION ARBA                 0101,-4078.10,09-09,32883607.75 
09/09/2025,IMPUESTO DEBITO -LEY 25413     0101,-24.47,09-09,32883583.28 
09/09/2025,FEDERACION PATR RE.212659771 ID.1300304578000000090925,-18396.37,09-09,32865186.91 
09/09/2025,IMPUESTO DEBITO -LEY 25413     1989 DEBITO DIRECTO Y AUTOMATI,-110.38,09-09,32865076.53 
09/09/2025,REVERSA RETENCION ARBA,317972.60,09-09,33183049.13 
09/09/2025,REV. IMP.DEBITO.-LEY 25413,1907.84,09-09,33184956.97 
09/09/2025,COMISION DATANET,-12.63,09-09,33184944.34 
09/09/2025,IMPUESTO DEBITO -LEY 25413,-0.08,09-09,33184944.26 
09/09/2025,COMISION DATANET,-81.56,09-09,33184862.70 
09/09/2025,IMPUESTO DEBITO -LEY 25413,-0.49,09-09,33184862.21 
09/09/2025,COMISION DATANET,-6359.45,09-09,33178502.76 
09/09/2025,IMPUESTO I.BRUTOS - PERCEPCION,-317.97,09-09,33178184.79 
09/09/2025,IMPUESTO DEBITO -LEY 25413,-38.16,09-09,33178146.63 
09/09/2025,IMPUESTO DEBITO -LEY 25413,-1.91,09-09,33178144.72 
10/09/2025,CR.DEBIN 09/09-S.031246 C:30657033770,16835.44,10-09,33194980.16 
10/09/2025,IMPUESTO CREDITO -LEY 25413,-101.01,10-09,33194879.15 
10/09/2025,RETENCION ARBA,-420.80,10-09,33194458.35 
10/09/2025,IMPUESTO DEBITO -LEY 25413,-2.52,10-09,33194455.83 
10/09/2025,CR.DEBIN 09/09-S.012334 C:30657033770,4951.60,10-09,33199407.43 
10/09/2025,IMPUESTO CREDITO -LEY 25413,-29.71,10-09,33199377.72 
10/09/2025,RETENCION ARBA,-123.70,10-09,33199254.02 
10/09/2025,IMPUESTO DEBITO -LEY 25413,-0.74,10-09,33199253.28 
10/09/2025,CHEQUE DE CAMARA 011210325,-1688000.00,10-09,31511253.28 
10/09/2025,IMPUESTO DEBITO -LEY 25413     1950 COMPENSACION DE VALORES,-10128.00,10-09,31501125.28 
10/09/2025,CHEQUE DE CAMARA 011210373,-218848.53,10-09,31282276.75 
10/09/2025,IMPUESTO DEBITO -LEY 25413     1950 COMPENSACION DE VALORES,-1313.09,10-09,31280963.66 
10/09/2025,PAGOS A COMERCIOS VISA - L. 0000247415 - C. 00003907330,623672.59,10-09,31904636.25 
10/09/2025,IMPUESTO CREDITO -LEY 25413    1002 MEDIOS DE PAGO,-3742.04,10-09,31900894.21 
10/09/2025,RETENCION ARBA                 1002 MEDIOS DE PAGO,-15591.80,10-09,31885302.41 
10/09/2025,IMPUESTO DEBITO -LEY 25413     1002 MEDIOS DE PAGO,-93.55,10-09,31885208.86 
10/09/2025,PAGOS A COMERCIOS VISA - L. 0000247524 - C. 00003907330,162551.41,10-09,32047760.27 
10/09/2025,IMPUESTO CREDITO -LEY 25413    1002 MEDIOS DE PAGO,-975.31,10-09,32046784.96 
10/09/2025,RETENCION ARBA                 1002 MEDIOS DE PAGO,-4063.70,10-09,32042721.26 
10/09/2025,IMPUESTO DEBITO -LEY 25413     1002 MEDIOS DE PAGO,-24.38,10-09,32042696.88 
10/09/2025,PAGOS A COMERCIOS MASTERCARD - L. 0000247388 - C. 00003907330,108869.90,10-09,32151566.78 
10/09/2025,IMPUESTO CREDITO -LEY 25413    1002 MEDIOS DE PAGO,-653.22,10-09,32150913.56 
10/09/2025,RETENCION ARBA                 1002 MEDIOS DE PAGO,-2721.70,10-09,32148191.86 
10/09/2025,IMPUESTO DEBITO -LEY 25413     1002 MEDIOS DE PAGO,-16.33,10-09,32148175.53 
10/09/2025,PAGOS A COMERCIOS MASTERCARD - L. 0000247463 - C. 00003907330,87868.77,10-09,32236044.30 
10/09/2025,IMPUESTO CREDITO -LEY 25413    1002 MEDIOS DE PAGO,-527.21,10-09,32235517.09 
10/09/2025,RETENCION ARBA                 1002 MEDIOS DE PAGO,-2196.70,10-09,32233320.39 
10/09/2025,IMPUESTO DEBITO -LEY 25413     1002 MEDIOS DE PAGO,-13.18,10-09,32233307.21 
10/09/2025,CARGO A COMERCIOS MASTERCARD - L. 0000247297 - C. 00003907330,-2294.00,10-09,32231013.21 
10/09/2025,CR.TRAN. 30715803891 RAPPI ARG SAS,39678.34,10-09,32270691.55 
10/09/2025,IMPUESTO CREDITO -LEY 25413    0814,-238.07,10-09,32270453.48 
10/09/2025,RETENCION ARBA                 0814,-991.90,10-09,32269461.58 
10/09/2025,IMPUESTO DEBITO -LEY 25413     0814,-5.95,10-09,32269455.63 
11/09/2025,PAGOS A COMERCIOS VISA - L. 0000247609 - C. 00003907330,1050425.27,11-09,33319880.90 
11/09/2025,IMPUESTO CREDITO -LEY 25413    1002 MEDIOS DE PAGO,-6302.55,11-09,33313578.35 
11/09/2025,RETENCION ARBA                 1002 MEDIOS DE PAGO,-26260.60,11-09,33287317.75 
11/09/2025,IMPUESTO DEBITO -LEY 25413     1002 MEDIOS DE PAGO,-157.56,11-09,33287160.19 
11/09/2025,PAGOS A COMERCIOS VISA - L. 0000247687 - C. 00003907330,225094.17,11-09,33512254.36 
11/09/2025,IMPUESTO CREDITO -LEY 25413    1002 MEDIOS DE PAGO,-1350.57,11-09,33510903.79 
11/09/2025,RETENCION ARBA                 1002 MEDIOS DE PAGO,-5627.30,11-09,33505276.49 
11/09/2025,IMPUESTO DEBITO -LEY 25413     1002 MEDIOS DE PAGO,-33.76,11-09,33505242.73 
11/09/2025,PAGOS A COMERCIOS MASTERCARD - L. 0000247657 - C. 00003907330,138920.37,11-09,33644163.10 
11/09/2025,IMPUESTO CREDITO -LEY 25413    1002 MEDIOS DE PAGO,-833.52,11-09,33643329.58 
11/09/2025,RETENCION ARBA                 1002 MEDIOS DE PAGO,-3473.00,11-09,33639856.58 
11/09/2025,IMPUESTO DEBITO -LEY 25413     1002 MEDIOS DE PAGO,-20.84,11-09,33639835.74 
11/09/2025,PAGOS A COMERCIOS MASTERCARD - L. 0000247580 - C. 00003907330,42888.14,11-09,33682723.88 
11/09/2025,IMPUESTO CREDITO -LEY 25413    1002 MEDIOS DE PAGO,-257.33,11-09,33682466.55 
11/09/2025,RETENCION ARBA                 1002 MEDIOS DE PAGO,-1072.20,11-09,33681394.35 
11/09/2025,IMPUESTO DEBITO -LEY 25413     1002 MEDIOS DE PAGO,-6.43,11-09,33681387.92 
11/09/2025,DEBITO EN CUENTA,-11000000.00,11-09,22681387.92 
11/09/2025,COMISION CHEQUE USO DE CAJA,-70.00,11-09,22681317.92 
11/09/2025,IMPUESTO DEBITO -LEY 25413,-66000.00,11-09,22615317.92 
11/09/2025,IMPUESTO DEBITO -LEY 25413,-0.42,11-09,22615317.50 
11/09/2025,BIP DB TR 11/09-C.000143094595 DES:0014-03-520905154898,-1085000.00,11-09,21530317.50 
11/09/2025,IMPUESTO DEBITO -LEY 25413,-6510.00,11-09,21523807.50 
11/09/2025,COMISION TRANSFERENCIA/GIRO,-4635.00,11-09,21519172.50 
12/09/2025,CR.DEBIN 11/09-S.050985 C:30657033770,3961.28,12-09,21523133.78 
12/09/2025,IMPUESTO CREDITO -LEY 25413,-23.77,12-09,21523110.01 
12/09/2025,RETENCION ARBA,-99.00,12-09,21523011.01 
12/09/2025,IMPUESTO DEBITO -LEY 25413,-0.59,12-09,21523010.42 
12/09/2025,CHEQUE DE CAMARA 007712615,-292094.00,12-09,21230916.42 
12/09/2025,IMPUESTO DEBITO -LEY 25413     1950 COMPENSACION DE VALORES,-1752.56,12-09,21229163.86 
12/09/2025,CR.TRAN. 30574816870 AMERICAN EXPRESS,40459.35,12-09,21269623.21 
12/09/2025,IMPUESTO CREDITO -LEY 25413    0001,-242.76,12-09,21269380.45 
12/09/2025,RETENCION ARBA                 0001,-1011.40,12-09,21268369.05 
12/09/2025,IMPUESTO DEBITO -LEY 25413     0001,-6.07,12-09,21268362.98 
12/09/2025,PAGOS A COMERCIOS VISA - L. 0000247779 - C. 00003907330,1008961.71,12-09,22277324.69 
12/09/2025,IMPUESTO CREDITO -LEY 25413    1002 MEDIOS DE PAGO,-6053.77,12-09,22271270.92 
12/09/2025,RETENCION ARBA                 1002 MEDIOS DE PAGO,-25224.00,12-09,22246046.92 
12/09/2025,IMPUESTO DEBITO -LEY 25413     1002 MEDIOS DE PAGO,-151.34,12-09,22245895.58 
12/09/2025,PAGOS A COMERCIOS VISA - L. 0000247862 - C. 00003907330,257834.24,12-09,22503729.82 
12/09/2025,IMPUESTO CREDITO -LEY 25413    1002 MEDIOS DE PAGO,-1547.01,12-09,22502182.81 
12/09/2025,RETENCION ARBA                 1002 MEDIOS DE PAGO,-6445.80,12-09,22495737.01 
12/09/2025,IMPUESTO DEBITO -LEY 25413     1002 MEDIOS DE PAGO,-38.67,12-09,22495698.34 
12/09/2025,PAGOS A COMERCIOS MASTERCARD - L. 0000247744 - C. 00003907330,19503.43,12-09,22515201.77 
12/09/2025,IMPUESTO CREDITO -LEY 25413    1002 MEDIOS DE PAGO,-117.02,12-09,22515084.75 
12/09/2025,RETENCION ARBA                 1002 MEDIOS DE PAGO,-487.50,12-09,22514597.25 
12/09/2025,IMPUESTO DEBITO -LEY 25413     1002 MEDIOS DE PAGO,-2.93,12-09,22514594.32 
12/09/2025,CR.DEBIN 12/09-S.464392 C:30657033770,7922.56,12-09,22522516.88 
12/09/2025,IMPUESTO CREDITO -LEY 25413,-47.54,12-09,22522469.34 
12/09/2025,RETENCION ARBA,-198.00,12-09,22522271.34 
12/09/2025,IMPUESTO DEBITO -LEY 25413,-1.19,12-09,22522270.15 
12/09/2025,CR.TRAN. 30550857061CCOLEG FARMACEUTICOS PCIA BS A 00A04,66150.00,12-09,22588420.15 
12/09/2025,IMPUESTO CREDITO -LEY 25413    2000 REGION Y CASA MATRIZ LA P,-396.90,12-09,22588023.25 
12/09/2025,RETENCION ARBA                 2000 REGION Y CASA MATRIZ LA P,-1653.70,12-09,22586369.55 
12/09/2025,IMPUESTO DEBITO -LEY 25413     2000 REGION Y CASA MATRIZ LA P,-9.92,12-09,22586359.63 
12/09/2025,CR.TRAN. 30624944255ETESORERIA GENERAL PCIA BS 00D00,1768546.32,12-09,24354905.95 
12/09/2025,IMPUESTO CREDITO -LEY 25413    2000 REGION Y CASA MATRIZ LA P,-10611.28,12-09,24344294.67 
12/09/2025,RETENCION ARBA                 2000 REGION Y CASA MATRIZ LA P,-44213.60,12-09,24300081.07 
12/09/2025,IMPUESTO DEBITO -LEY 25413     2000 REGION Y CASA MATRIZ LA P,-265.28,12-09,24299815.79 
12/09/2025,MINISTERIO PUBLI 30707216669 BCO.014 REF.GEP20250077772,452162.58,12-09,24751978.37 
12/09/2025,IMPUESTO CREDITO -LEY 25413,-2712.96,12-09,24749265.41 
12/09/2025,RETENCION ARBA,-11304.00,12-09,24737961.41 
12/09/2025,IMPUESTO DEBITO -LEY 25413,-67.82,12-09,24737893.59 
12/09/2025,COMISION TRANSFERENCIA/GIRO    2000 REGION Y CASA MATRIZ LA P,-2.50,12-09,24737891.09 
12/09/2025,MINISTERIO PUBLI 30707216669 BCO.014 REF.GEP20250077773,271834.90,12-09,25009725.99 
12/09/2025,IMPUESTO CREDITO -LEY 25413,-1630.99,12-09,25008095.00 
12/09/2025,RETENCION ARBA,-6795.80,12-09,25001299.20 
12/09/2025,IMPUESTO DEBITO -LEY 25413,-40.77,12-09,25001258.43 
12/09/2025,COMISION TRANSFERENCIA/GIRO    2000 REGION Y CASA MATRIZ LA P,-2.50,12-09,25001255.93 
12/09/2025,REVERSA RETENCION ARBA,44213.60,12-09,25045469.53 
12/09/2025,REV. IMP.DEBITO.-LEY 25413,265.28,12-09,25045734.81 
12/09/2025,COMISION DATANET,-20.22,12-09,25045714.59 
12/09/2025,IMPUESTO DEBITO -LEY 25413,-0.12,12-09,25045714.47 
12/09/2025,COMISION DATANET,-33.07,12-09,25045681.40 
12/09/2025,IMPUESTO DEBITO -LEY 25413,-0.20,12-09,25045681.20 
12/09/2025,COMISION DATANET,-884.27,12-09,25044796.93 
12/09/2025,IMPUESTO DEBITO -LEY 25413,-5.31,12-09,25044791.62 
15/09/2025,CHEQUE DE CAMARA 007712609,-2014208.00,15-09,23030583.62 
15/09/2025,IMPUESTO DEBITO -LEY 25413     1952 CONTABILIDAD Y CONCILIACI,-12085.25,15-09,23018498.37 
15/09/2025,CHEQUE DE CAMARA 007712617,-130801.00,15-09,22887697.37 
15/09/2025,IMPUESTO DEBITO -LEY 25413     1950 COMPENSACION DE VALORES,-784.81,15-09,22886912.56 
15/09/2025,CHEQUE DE CAMARA 011210309,-262347.10,15-09,22624565.46 
15/09/2025,IMPUESTO DEBITO -LEY 25413     1950 COMPENSACION DE VALORES,-1574.08,15-09,22622991.38 
15/09/2025,CR.TRAN. 30574816870 AMERICAN EXPRESS,70281.50,15-09,22693272.88 
15/09/2025,IMPUESTO CREDITO -LEY 25413    0001,-421.69,15-09,22692851.19 
15/09/2025,RETENCION ARBA                 0001,-1757.00,15-09,22691094.19 
15/09/2025,IMPUESTO DEBITO -LEY 25413     0001,-10.54,15-09,22691083.65 
15/09/2025,CHEQUE DE CAMARA 007712618,-562218.03,15-09,22128865.62 
15/09/2025,IMPUESTO DEBITO -LEY 25413     2000 REGION Y CASA MATRIZ LA P,-3373.31,15-09,22125492.31 
15/09/2025,PAGOS A COMERCIOS VISA - L. 0000247930 - C. 00003907330,859572.84,15-09,22985065.15 
15/09/2025,IMPUESTO CREDITO -LEY 25413    1002 MEDIOS DE PAGO,-5157.44,15-09,22979907.71 
15/09/2025,RETENCION ARBA                 1002 MEDIOS DE PAGO,-21489.30,15-09,22958418.41 
15/09/2025,IMPUESTO DEBITO -LEY 25413     1002 MEDIOS DE PAGO,-128.94,15-09,22958289.47 
15/09/2025,PAGOS A COMERCIOS VISA - L. 0000248011 - C. 00003907330,246561.71,15-09,23204851.18 
15/09/2025,IMPUESTO CREDITO -LEY 25413    1002 MEDIOS DE PAGO,-1479.37,15-09,23203371.81 
15/09/2025,RETENCION ARBA                 1002 MEDIOS DE PAGO,-6164.00,15-09,23197207.81 
15/09/2025,IMPUESTO DEBITO -LEY 25413     1002 MEDIOS DE PAGO,-36.98,15-09,23197170.83 
15/09/2025,PAGOS A COMERCIOS MASTERCARD - L. 0000247905 - C. 00003907330,113042.28,15-09,23310213.11 
15/09/2025,IMPUESTO CREDITO -LEY 25413    1002 MEDIOS DE PAGO,-678.25,15-09,23309534.86 
15/09/2025,RETENCION ARBA                 1002 MEDIOS DE PAGO,-2826.00,15-09,23306708.86 
15/09/2025,IMPUESTO DEBITO -LEY 25413     1002 MEDIOS DE PAGO,-16.96,15-09,23306691.90 
15/09/2025,PAGOS A COMERCIOS MASTERCARD - L. 0000247981 - C. 00003907330,91340.33,15-09,23398032.23 
15/09/2025,IMPUESTO CREDITO -LEY 25413    1002 MEDIOS DE PAGO,-548.04,15-09,23397484.19 
15/09/2025,RETENCION ARBA                 1002 MEDIOS DE PAGO,-2283.50,15-09,23395200.69 
15/09/2025,IMPUESTO DEBITO -LEY 25413     1002 MEDIOS DE PAGO,-13.70,15-09,23395186.99 
15/09/2025,PAGOS A COMERCIOS CABAL - L. 0000856195 - C. 88603907330,17465.76,15-09,23412652.75 
15/09/2025,IMPUESTO CREDITO -LEY 25413    1002 MEDIOS DE PAGO,-104.79,15-09,23412547.96 
15/09/2025,RETENCION ARBA                 1002 MEDIOS DE PAGO,-436.60,15-09,23412111.36 
15/09/2025,IMPUESTO DEBITO -LEY 25413     1002 MEDIOS DE PAGO,-2.62,15-09,23412108.74 
15/09/2025,CR.TRAN. 30550857061CCOLEG FARMACEUTICOS PCIA BS A 00A04,15092.00,15-09,23427200.74 
15/09/2025,IMPUESTO CREDITO -LEY 25413    2000 REGION Y CASA MATRIZ LA P,-90.55,15-09,23427110.19 
15/09/2025,RETENCION ARBA                 2000 REGION Y CASA MATRIZ LA P,-377.30,15-09,23426732.89 
15/09/2025,IMPUESTO DEBITO -LEY 25413     2000 REGION Y CASA MATRIZ LA P,-2.26,15-09,23426730.63 
16/09/2025,CHEQUE DE CAMARA 007712606,-1249144.94,16-09,22177585.69 
16/09/2025,IMPUESTO DEBITO -LEY 25413     1950 COMPENSACION DE VALORES,-7494.87,16-09,22170090.82 
16/09/2025,CHEQUE DE CAMARA 007712610,-1321941.03,16-09,20848149.79 
16/09/2025,IMPUESTO DEBITO -LEY 25413     1950 COMPENSACION DE VALORES,-7931.65,16-09,20840218.14 
16/09/2025,CHEQUE DE CAMARA 011210302,-1587552.64,16-09,19252665.50 
16/09/2025,IMPUESTO DEBITO -LEY 25413     1950 COMPENSACION DE VALORES,-9525.32,16-09,19243140.18 
16/09/2025,CHEQUE DE CAMARA 011210323,-475504.11,16-09,18767636.07 
16/09/2025,IMPUESTO DEBITO -LEY 25413     1950 COMPENSACION DE VALORES,-2853.02,16-09,18764783.05 
16/09/2025,CHEQUE DE CAMARA 011210377,-1885762.79,16-09,16879020.26 
16/09/2025,IMPUESTO DEBITO -LEY 25413     1950 COMPENSACION DE VALORES,-11314.58,16-09,16867705.68 
16/09/2025,CHEQUE DE CAMARA 011210393,-867807.42,16-09,15999898.26 
16/09/2025,IMPUESTO DEBITO -LEY 25413     1950 COMPENSACION DE VALORES,-5206.84,16-09,15994691.42 
16/09/2025,CHEQUE DE CAMARA 011210396,-1360800.00,16-09,14633891.42 
16/09/2025,IMPUESTO DEBITO -LEY 25413     1950 COMPENSACION DE VALORES,-8164.80,16-09,14625726.62 
16/09/2025,CHEQUE DE CAMARA 011210398,-1670000.00,16-09,12955726.62 
16/09/2025,IMPUESTO DEBITO -LEY 25413     1950 COMPENSACION DE VALORES,-10020.00,16-09,12945706.62 
16/09/2025,CR.DEBIN 16/09-S.034084 C:30657033770,5644.82,16-09,12951351.44 
16/09/2025,IMPUESTO CREDITO -LEY 25413,-33.87,16-09,12951317.57 
16/09/2025,RETENCION ARBA,-141.10,16-09,12951176.47 
16/09/2025,IMPUESTO DEBITO -LEY 25413,-0.85,16-09,12951175.62 
16/09/2025,PAGOS A COMERCIOS VISA - L. 0000248097 - C. 00003907330,1099297.11,16-09,14050472.73 
16/09/2025,IMPUESTO CREDITO -LEY 25413    1002 MEDIOS DE PAGO,-6595.78,16-09,14043876.95 
16/09/2025,RETENCION ARBA                 1002 MEDIOS DE PAGO,-27482.40,16-09,14016394.55 
16/09/2025,IMPUESTO DEBITO -LEY 25413     1002 MEDIOS DE PAGO,-164.89,16-09,14016229.66 
16/09/2025,PAGOS A COMERCIOS VISA - L. 0000248189 - C. 00003907330,505500.62,16-09,14521730.28 
16/09/2025,IMPUESTO CREDITO -LEY 25413    1002 MEDIOS DE PAGO,-3033.00,16-09,14518697.28 
16/09/2025,RETENCION ARBA                 1002 MEDIOS DE PAGO,-12637.50,16-09,14506059.78 
16/09/2025,IMPUESTO DEBITO -LEY 25413     1002 MEDIOS DE PAGO,-75.83,16-09,14505983.95 
16/09/2025,PAGOS A COMERCIOS MASTERCARD - L. 0000248055 - C. 00003907330,130216.94,16-09,14636200.89 
16/09/2025,IMPUESTO CREDITO -LEY 25413    1002 MEDIOS DE PAGO,-781.30,16-09,14635419.59 
16/09/2025,RETENCION ARBA                 1002 MEDIOS DE PAGO,-3255.40,16-09,14632164.19 
16/09/2025,IMPUESTO DEBITO -LEY 25413     1002 MEDIOS DE PAGO,-19.53,16-09,14632144.66 
16/09/2025,PAGOS A COMERCIOS MASTERCARD - L. 0000248148 - C. 00003907330,98832.04,16-09,14730976.70 
16/09/2025,IMPUESTO CREDITO -LEY 25413    1002 MEDIOS DE PAGO,-592.99,16-09,14730383.71 
16/09/2025,RETENCION ARBA                 1002 MEDIOS DE PAGO,-2470.80,16-09,14727912.91 
16/09/2025,IMPUESTO DEBITO -LEY 25413     1002 MEDIOS DE PAGO,-14.82,16-09,14727898.09 
16/09/2025,BIP CR TR 16/09-C.000109002392 ORI:0014-01-200000365620,665000.00,16-09,15392898.09 
16/09/2025,IMPUESTO CREDITO -LEY 25413    2000 REGION Y CASA MATRIZ LA P,-3990.00,16-09,15388908.09 
16/09/2025,RETENCION ARBA                 2000 REGION Y CASA MATRIZ LA P,-16625.00,16-09,15372283.09 
16/09/2025,IMPUESTO DEBITO -LEY 25413     2000 REGION Y CASA MATRIZ LA P,-99.75,16-09,15372183.34 
16/09/2025,P.SERV 16/09-COM.710181 -ENTE950 -30657033770,-1500988.00,16-09,13871195.34 
16/09/2025,IMPUESTO DEBITO -LEY 25413,-9005.93,16-09,13862189.41 
16/09/2025,CR.TRAN. 30601290592 AGREM ODONT DE BERISSO,40715.70,16-09,13902905.11 
16/09/2025,IMPUESTO CREDITO -LEY 25413    4930,-244.29,16-09,13902660.82 
16/09/2025,RETENCION ARBA                 4930,-1017.80,16-09,13901643.02 
16/09/2025,IMPUESTO DEBITO -LEY 25413     4930,-6.11,16-09,13901636.91 
16/09/2025,CR.TRAN. 30624944255ETESORERIA GENERAL PCIA BS 00D00,161496.16,16-09,14063133.07 
16/09/2025,IMPUESTO CREDITO -LEY 25413    2000 REGION Y CASA MATRIZ LA P,-968.98,16-09,14062164.09 
16/09/2025,RETENCION ARBA                 2000 REGION Y CASA MATRIZ LA P,-4037.40,16-09,14058126.69 
16/09/2025,IMPUESTO DEBITO -LEY 25413     2000 REGION Y CASA MATRIZ LA P,-24.22,16-09,14058102.47 
16/09/2025,CR.TRAN. 30624944255ETESORERIA GENERAL PCIA BS 00D00,657241.40,16-09,14715343.87 
16/09/2025,IMPUESTO CREDITO -LEY 25413    2000 REGION Y CASA MATRIZ LA P,-3943.45,16-09,14711400.42 
16/09/2025,RETENCION ARBA                 2000 REGION Y CASA MATRIZ LA P,-16431.00,16-09,14694969.42 
16/09/2025,IMPUESTO DEBITO -LEY 25413     2000 REGION Y CASA MATRIZ LA P,-98.59,16-09,14694870.83 
16/09/2025,CR.TRAN. 30624944255ETESORERIA GENERAL PCIA BS 00D00,543029.50,16-09,15237900.33 
16/09/2025,IMPUESTO CREDITO -LEY 25413    2000 REGION Y CASA MATRIZ LA P,-3258.18,16-09,15234642.15 
16/09/2025,RETENCION ARBA                 2000 REGION Y CASA MATRIZ LA P,-13575.70,16-09,15221066.45 
16/09/2025,IMPUESTO DEBITO -LEY 25413     2000 REGION Y CASA MATRIZ LA P,-81.45,16-09,15220985.00 
16/09/2025,CR.TRAN. 30657877669 EDELAP,70470.76,16-09,15291455.76 
16/09/2025,IMPUESTO CREDITO -LEY 25413    4930,-422.82,16-09,15291032.94 
16/09/2025,RETENCION ARBA                 4930,-1761.70,16-09,15289271.24 
16/09/2025,IMPUESTO DEBITO -LEY 25413     4930,-10.57,16-09,15289260.67 
16/09/2025,CR.TRA. COL DE FARMACE 30550857061BCO. 014 REF.VAR 0000007066,3185000.00,16-09,18474260.67 
16/09/2025,IMPUESTO CREDITO -LEY 25413    5015 CALLE 12 (LA PLATA),-19110.00,16-09,18455150.67 
16/09/2025,RETENCION ARBA                 5015 CALLE 12 (LA PLATA),-79625.00,16-09,18375525.67 
16/09/2025,IMPUESTO DEBITO -LEY 25413     5015 CALLE 12 (LA PLATA),-477.75,16-09,18375047.92 
16/09/2025,REVERSA RETENCION ARBA,16431.00,16-09,18391478.92 
16/09/2025,REVERSA RETENCION ARBA,13575.70,16-09,18405054.62 
16/09/2025,REVERSA RETENCION ARBA,4037.40,16-09,18409092.02 
16/09/2025,REV. IMP.DEBITO.-LEY 25413,98.59,16-09,18409190.61 
16/09/2025,REV. IMP.DEBITO.-LEY 25413,81.45,16-09,18409272.06 
16/09/2025,REV. IMP.DEBITO.-LEY 25413,24.22,16-09,18409296.28 
16/09/2025,COMISION DATANET,-20.35,16-09,18409275.93 
16/09/2025,IMPUESTO DEBITO -LEY 25413,-0.12,16-09,18409275.81 
16/09/2025,COMISION DATANET,-35.23,16-09,18409240.58 
16/09/2025,IMPUESTO DEBITO -LEY 25413,-0.21,16-09,18409240.37 
16/09/2025,COMISION DATANET,-680.87,16-09,18408559.50 
16/09/2025,IMPUESTO DEBITO -LEY 25413,-4.09,16-09,18408555.41 
17/09/2025,CHEQUE DE CAMARA 011210378,-511510.77,17-09,17897044.64 
17/09/2025,IMPUESTO DEBITO -LEY 25413     1950 COMPENSACION DE VALORES,-3069.06,17-09,17893975.58 
17/09/2025,PAGOS A COMERCIOS VISA - L. 0000248269 - C. 00003907330,445713.41,17-09,18339688.99 
17/09/2025,IMPUESTO CREDITO -LEY 25413    1002 MEDIOS DE PAGO,-2674.28,17-09,18337014.71 
17/09/2025,RETENCION ARBA                 1002 MEDIOS DE PAGO,-11142.80,17-09,18325871.91 
17/09/2025,IMPUESTO DEBITO -LEY 25413     1002 MEDIOS DE PAGO,-66.86,17-09,18325805.05 
17/09/2025,PAGOS A COMERCIOS VISA - L. 0000248386 - C. 00003907330,172819.09,17-09,18498624.14 
17/09/2025,IMPUESTO CREDITO -LEY 25413    1002 MEDIOS DE PAGO,-1036.91,17-09,18497587.23 
17/09/2025,RETENCION ARBA                 1002 MEDIOS DE PAGO,-4320.40,17-09,18493266.83 
17/09/2025,IMPUESTO DEBITO -LEY 25413     1002 MEDIOS DE PAGO,-25.92,17-09,18493240.91 
17/09/2025,PAGOS A COMERCIOS MASTERCARD - L. 0000248245 - C. 00003907330,144965.81,17-09,18638206.72 
17/09/2025,IMPUESTO CREDITO -LEY 25413    1002 MEDIOS DE PAGO,-869.79,17-09,18637336.93 
17/09/2025,RETENCION ARBA                 1002 MEDIOS DE PAGO,-3624.10,17-09,18633712.83 
17/09/2025,IMPUESTO DEBITO -LEY 25413     1002 MEDIOS DE PAGO,-21.74,17-09,18633691.09 
17/09/2025,PAGOS A COMERCIOS MASTERCARD - L. 0000248320 - C. 00003907330,83113.47,17-09,18716804.56 
17/09/2025,IMPUESTO CREDITO -LEY 25413    1002 MEDIOS DE PAGO,-498.68,17-09,18716305.88 
17/09/2025,RETENCION ARBA                 1002 MEDIOS DE PAGO,-2077.80,17-09,18714228.08 
17/09/2025,IMPUESTO DEBITO -LEY 25413     1002 MEDIOS DE PAGO,-12.47,17-09,18714215.61 
17/09/2025,PAGOS A COMERCIOS CABAL - L. 0000936387 - C. 88603907330,34155.26,17-09,18748370.87 
17/09/2025,IMPUESTO CREDITO -LEY 25413    1002 MEDIOS DE PAGO,-204.93,17-09,18748165.94 
17/09/2025,RETENCION ARBA                 1002 MEDIOS DE PAGO,-853.80,17-09,18747312.14 
17/09/2025,IMPUESTO DEBITO -LEY 25413     1002 MEDIOS DE PAGO,-5.12,17-09,18747307.02 
17/09/2025,CR.TRAN. 30550857061CCOLEG FARMACEUTICOS PCIA BS A 00A04,20678.00,17-09,18767985.02 
17/09/2025,IMPUESTO CREDITO -LEY 25413    2000 REGION Y CASA MATRIZ LA P,-124.07,17-09,18767860.95 
17/09/2025,RETENCION ARBA                 2000 REGION Y CASA MATRIZ LA P,-516.90,17-09,18767344.05 
17/09/2025,IMPUESTO DEBITO -LEY 25413     2000 REGION Y CASA MATRIZ LA P,-3.10,17-09,18767340.95 
17/09/2025,CR.TRAN. 30715803891 RAPPI ARG SAS,57531.05,17-09,18824872.00 
17/09/2025,IMPUESTO CREDITO -LEY 25413    0814,-345.19,17-09,18824526.81 
17/09/2025,RETENCION ARBA                 0814,-1438.20,17-09,18823088.61 
17/09/2025,IMPUESTO DEBITO -LEY 25413     0814,-8.63,17-09,18823079.98 
17/09/2025,CR.DEBIN 17/09-S.746788 C:30657033770,10695.46,17-09,18833775.44 
17/09/2025,IMPUESTO CREDITO -LEY 25413,-64.17,17-09,18833711.27 
17/09/2025,RETENCION ARBA,-267.30,17-09,18833443.97 
17/09/2025,IMPUESTO DEBITO -LEY 25413,-1.60,17-09,18833442.37 
18/09/2025,CR.DEBIN 17/09-S.081748 C:30657033770,19806.40,18-09,18853248.77 
18/09/2025,IMPUESTO CREDITO -LEY 25413,-118.84,18-09,18853129.93 
18/09/2025,RETENCION ARBA,-495.10,18-09,18852634.83 
18/09/2025,IMPUESTO DEBITO -LEY 25413,-2.97,18-09,18852631.86 
18/09/2025,CR.DEBIN 17/09-S.972738 C:30657033770,10398.36,18-09,18863030.22 
18/09/2025,IMPUESTO CREDITO -LEY 25413,-62.39,18-09,18862967.83 
18/09/2025,RETENCION ARBA,-259.90,18-09,18862707.93 
18/09/2025,IMPUESTO DEBITO -LEY 25413,-1.56,18-09,18862706.37 
18/09/2025,CR.DEBIN 17/09-S.668056 C:30657033770,8615.78,18-09,18871322.15 
18/09/2025,IMPUESTO CREDITO -LEY 25413,-51.69,18-09,18871270.46 
18/09/2025,RETENCION ARBA,-215.30,18-09,18871055.16 
18/09/2025,IMPUESTO DEBITO -LEY 25413,-1.29,18-09,18871053.87 
18/09/2025,CR.DEBIN 17/09-S.556385 C:30657033770,7922.56,18-09,18878976.43 
18/09/2025,IMPUESTO CREDITO -LEY 25413,-47.54,18-09,18878928.89 
18/09/2025,RETENCION ARBA,-198.00,18-09,18878730.89 
18/09/2025,IMPUESTO DEBITO -LEY 25413,-1.19,18-09,18878729.70 
18/09/2025,CHEQUE DE CAMARA 011210307,-1852421.09,18-09,17026308.61 
18/09/2025,IMPUESTO DEBITO -LEY 25413     7072 NAVARRO,-11114.53,18-09,17015194.08 
18/09/2025,CR.DEBIN 18/09-S.828365 C:30657033770,23767.68,18-09,17038961.76 
18/09/2025,IMPUESTO CREDITO -LEY 25413,-142.61,18-09,17038819.15 
18/09/2025,RETENCION ARBA,-594.10,18-09,17038225.05 
18/09/2025,IMPUESTO DEBITO -LEY 25413,-3.56,18-09,17038221.49 
18/09/2025,PAGOS A COMERCIOS VISA - L. 0000248472 - C. 00003907330,503370.58,18-09,17541592.07 
18/09/2025,IMPUESTO CREDITO -LEY 25413    1002 MEDIOS DE PAGO,-3020.22,18-09,17538571.85 
18/09/2025,RETENCION ARBA                 1002 MEDIOS DE PAGO,-12584.20,18-09,17525987.65 
18/09/2025,IMPUESTO DEBITO -LEY 25413     1002 MEDIOS DE PAGO,-75.51,18-09,17525912.14 
18/09/2025,PAGOS A COMERCIOS VISA - L. 0000248553 - C. 00003907330,383204.65,18-09,17909116.79 
18/09/2025,IMPUESTO CREDITO -LEY 25413    1002 MEDIOS DE PAGO,-2299.23,18-09,17906817.56 
18/09/2025,RETENCION ARBA                 1002 MEDIOS DE PAGO,-9580.10,18-09,17897237.46 
18/09/2025,IMPUESTO DEBITO -LEY 25413     1002 MEDIOS DE PAGO,-57.48,18-09,17897179.98 
18/09/2025,PAGOS A COMERCIOS MASTERCARD - L. 0000248446 - C. 00003907330,186398.47,18-09,18083578.45 
18/09/2025,IMPUESTO CREDITO -LEY 25413    1002 MEDIOS DE PAGO,-1118.39,18-09,18082460.06 
18/09/2025,RETENCION ARBA                 1002 MEDIOS DE PAGO,-4659.90,18-09,18077800.16 
18/09/2025,IMPUESTO DEBITO -LEY 25413     1002 MEDIOS DE PAGO,-27.96,18-09,18077772.20 
18/09/2025,PAGOS A COMERCIOS MASTERCARD - L. 0000248518 - C. 00003907330,16415.17,18-09,18094187.37 
18/09/2025,IMPUESTO CREDITO -LEY 25413    1002 MEDIOS DE PAGO,-98.49,18-09,18094088.88 
18/09/2025,RETENCION ARBA                 1002 MEDIOS DE PAGO,-410.30,18-09,18093678.58 
18/09/2025,IMPUESTO DEBITO -LEY 25413     1002 MEDIOS DE PAGO,-2.46,18-09,18093676.12 
18/09/2025,CARGO A COMERCIOS MASTERCARD - L. 0000248346 - C. 00003907330,-930.00,18-09,18092746.12 
18/09/2025,CR.TRAN. 30624944255ETESORERIA GENERAL PCIA BS 00D00,675729.80,18-09,18768475.92 
18/09/2025,IMPUESTO CREDITO -LEY 25413    2000 REGION Y CASA MATRIZ LA P,-4054.38,18-09,18764421.54 
18/09/2025,RETENCION ARBA                 2000 REGION Y CASA MATRIZ LA P,-16893.20,18-09,18747528.34 
18/09/2025,IMPUESTO DEBITO -LEY 25413     2000 REGION Y CASA MATRIZ LA P,-101.36,18-09,18747426.98 
18/09/2025,CR.TRAN. 30624944255ETESORERIA GENERAL PCIA BS 00D00,389519.77,18-09,19136946.75 
18/09/2025,IMPUESTO CREDITO -LEY 25413    2000 REGION Y CASA MATRIZ LA P,-2337.12,18-09,19134609.63 
18/09/2025,RETENCION ARBA                 2000 REGION Y CASA MATRIZ LA P,-9737.90,18-09,19124871.73 
18/09/2025,IMPUESTO DEBITO -LEY 25413     2000 REGION Y CASA MATRIZ LA P,-58.43,18-09,19124813.30 
18/09/2025,CR.TRAN. 30624944255ETESORERIA GENERAL PCIA BS 00D00,657641.58,18-09,19782454.88 
18/09/2025,IMPUESTO CREDITO -LEY 25413    2000 REGION Y CASA MATRIZ LA P,-3945.85,18-09,19778509.03 
18/09/2025,RETENCION ARBA                 2000 REGION Y CASA MATRIZ LA P,-16441.00,18-09,19762068.03 
18/09/2025,IMPUESTO DEBITO -LEY 25413     2000 REGION Y CASA MATRIZ LA P,-98.65,18-09,19761969.38 
18/09/2025,CR.DEBIN 18/09-S.733446 C:30657033770,9903.20,18-09,19771872.58 
18/09/2025,IMPUESTO CREDITO -LEY 25413,-59.42,18-09,19771813.16 
18/09/2025,RETENCION ARBA,-247.50,18-09,19771565.66 
18/09/2025,IMPUESTO DEBITO -LEY 25413,-1.49,18-09,19771564.17 
18/09/2025,CR.DEBIN 18/09-S.351905 C:30657033770,8912.88,18-09,19780477.05 
18/09/2025,IMPUESTO CREDITO -LEY 25413,-53.48,18-09,19780423.57 
18/09/2025,RETENCION ARBA,-222.80,18-09,19780200.77 
18/09/2025,IMPUESTO DEBITO -LEY 25413,-1.34,18-09,19780199.43 
18/09/2025,CR.DEBIN 18/09-S.080617 C:30657033770,63776.61,18-09,19843976.04 
18/09/2025,IMPUESTO CREDITO -LEY 25413,-382.66,18-09,19843593.38 
18/09/2025,RETENCION ARBA,-1594.40,18-09,19841998.98 
18/09/2025,IMPUESTO DEBITO -LEY 25413,-9.57,18-09,19841989.41 
18/09/2025,CR.DEBIN 18/09-S.957898 C:30657033770,5050.63,18-09,19847040.04 
18/09/2025,IMPUESTO CREDITO -LEY 25413,-30.30,18-09,19847009.74 
18/09/2025,RETENCION ARBA,-126.20,18-09,19846883.54 
18/09/2025,IMPUESTO DEBITO -LEY 25413,-0.76,18-09,19846882.78 
18/09/2025,CR.DEBIN 18/09-S.798977 C:30657033770,11883.84,18-09,19858766.62 
18/09/2025,IMPUESTO CREDITO -LEY 25413,-71.30,18-09,19858695.32 
18/09/2025,RETENCION ARBA,-297.00,18-09,19858398.32 
18/09/2025,IMPUESTO DEBITO -LEY 25413,-1.78,18-09,19858396.54 
18/09/2025,REVERSA RETENCION ARBA,16893.20,18-09,19875289.74 
18/09/2025,REVERSA RETENCION ARBA,16441.00,18-09,19891730.74 
18/09/2025,REVERSA RETENCION ARBA,9737.90,18-09,19901468.64 
18/09/2025,REV. IMP.DEBITO.-LEY 25413,101.36,18-09,19901570.00 
18/09/2025,REV. IMP.DEBITO.-LEY 25413,98.65,18-09,19901668.65 
18/09/2025,REV. IMP.DEBITO.-LEY 25413,58.43,18-09,19901727.08 
18/09/2025,COMISION DATANET,-861.43,18-09,19900865.65 
18/09/2025,IMPUESTO DEBITO -LEY 25413,-5.17,18-09,19900860.48 
19/09/2025,CRED.TRF.18/09-C.985675158930 D:27204409973 N:BERON/ MARCELA,855000.00,19-09,20755860.48 
19/09/2025,IMPUESTO CREDITO -LEY 25413,-5130.00,19-09,20750730.48 
19/09/2025,RETENCION ARBA,-21375.00,19-09,20729355.48 
19/09/2025,IMPUESTO DEBITO -LEY 25413,-128.25,19-09,20729227.23 
19/09/2025,CR.DEBIN 18/09-S.109673 C:30657033770,16043.18,19-09,20745270.41 
19/09/2025,IMPUESTO CREDITO -LEY 25413,-96.26,19-09,20745174.15 
19/09/2025,RETENCION ARBA,-401.00,19-09,20744773.15 
19/09/2025,IMPUESTO DEBITO -LEY 25413,-2.41,19-09,20744770.74 
19/09/2025,CR.TRAN. 30546666707C7000/819 FAC CS NAT Y MUSEO 00X25,135740.33,19-09,20880511.07 
19/09/2025,IMPUESTO CREDITO -LEY 25413    2170,-814.44,19-09,20879696.63 
19/09/2025,RETENCION ARBA                 2170,-3393.50,19-09,20876303.13 
19/09/2025,IMPUESTO DEBITO -LEY 25413     2170,-20.36,19-09,20876282.77 
19/09/2025,PAGOS A COMERCIOS VISA - L. 0000248630 - C. 00003907330,482444.89,19-09,21358727.66 
19/09/2025,IMPUESTO CREDITO -LEY 25413    1002 MEDIOS DE PAGO,-2894.67,19-09,21355832.99 
19/09/2025,RETENCION ARBA                 1002 MEDIOS DE PAGO,-12061.10,19-09,21343771.89 
19/09/2025,IMPUESTO DEBITO -LEY 25413     1002 MEDIOS DE PAGO,-72.37,19-09,21343699.52 
19/09/2025,PAGOS A COMERCIOS VISA - L. 0000248714 - C. 00003907330,242513.58,19-09,21586213.10 
19/09/2025,IMPUESTO CREDITO -LEY 25413    1002 MEDIOS DE PAGO,-1455.08,19-09,21584758.02 
19/09/2025,RETENCION ARBA                 1002 MEDIOS DE PAGO,-6062.80,19-09,21578695.22 
19/09/2025,IMPUESTO DEBITO -LEY 25413     1002 MEDIOS DE PAGO,-36.38,19-09,21578658.84 
19/09/2025,PAGOS A COMERCIOS MASTERCARD - L. 0000248680 - C. 00003907330,32096.69,19-09,21610755.53 
19/09/2025,IMPUESTO CREDITO -LEY 25413    1002 MEDIOS DE PAGO,-192.58,19-09,21610562.95 
19/09/2025,RETENCION ARBA                 1002 MEDIOS DE PAGO,-802.40,19-09,21609760.55 
19/09/2025,IMPUESTO DEBITO -LEY 25413     1002 MEDIOS DE PAGO,-4.81,19-09,21609755.74 
19/09/2025,PAGOS A COMERCIOS MASTERCARD - L. 0000248604 - C. 00003907330,5530.82,19-09,21615286.56 
19/09/2025,IMPUESTO CREDITO -LEY 25413    1002 MEDIOS DE PAGO,-33.18,19-09,21615253.38 
19/09/2025,RETENCION ARBA                 1002 MEDIOS DE PAGO,-138.20,19-09,21615115.18 
19/09/2025,IMPUESTO DEBITO -LEY 25413     1002 MEDIOS DE PAGO,-0.83,19-09,21615114.35 
19/09/2025,BIP CR TR 19/09-C.000205874884 ORI:0014-03-200006877028,160000.00,19-09,21775114.35 
19/09/2025,IMPUESTO CREDITO -LEY 25413    2000 REGION Y CASA MATRIZ LA P,-960.00,19-09,21774154.35 
19/09/2025,RETENCION ARBA                 2000 REGION Y CASA MATRIZ LA P,-4000.00,19-09,21770154.35 
19/09/2025,IMPUESTO DEBITO -LEY 25413     2000 REGION Y CASA MATRIZ LA P,-24.00,19-09,21770130.35 
19/09/2025,BIP CR TR 19/09-C.000293163600 ORI:0014-03-200006877028,336000.00,19-09,22106130.35 
19/09/2025,IMPUESTO CREDITO -LEY 25413    2000 REGION Y CASA MATRIZ LA P,-2016.00,19-09,22104114.35 
19/09/2025,RETENCION ARBA                 2000 REGION Y CASA MATRIZ LA P,-8400.00,19-09,22095714.35 
19/09/2025,IMPUESTO DEBITO -LEY 25413     2000 REGION Y CASA MATRIZ LA P,-50.40,19-09,22095663.95 
19/09/2025,BIP CR TR 19/09-C.000897906700 ORI:0014-01-200000365620,532000.00,19-09,22627663.95 
19/09/2025,IMPUESTO CREDITO -LEY 25413    2000 REGION Y CASA MATRIZ LA P,-3192.00,19-09,22624471.95 
19/09/2025,RETENCION ARBA                 2000 REGION Y CASA MATRIZ LA P,-13300.00,19-09,22611171.95 
19/09/2025,IMPUESTO DEBITO -LEY 25413     2000 REGION Y CASA MATRIZ LA P,-79.80,19-09,22611092.15 
19/09/2025,P.SERV 19/09-COM.971700 -MUNICIPALI-04834050000004,-3371782.92,19-09,19239309.23 
19/09/2025,IMPUESTO DEBITO -LEY 25413,-20230.70,19-09,19219078.53 
19/09/2025,P.SERV 19/09-COM.972117 -ENTE950 -30657033770,-33032.17,19-09,19186046.36 
19/09/2025,IMPUESTO DEBITO -LEY 25413,-198.19,19-09,19185848.17 
19/09/2025,MINISTERIO PUBLI 30707216669 BCO.014 REF.GEP20250079224,536691.17,19-09,19722539.34 
19/09/2025,IMPUESTO CREDITO -LEY 25413,-3220.13,19-09,19719319.21 
19/09/2025,RETENCION ARBA,-13417.20,19-09,19705902.01 
19/09/2025,IMPUESTO DEBITO -LEY 25413,-80.50,19-09,19705821.51 
19/09/2025,COMISION TRANSFERENCIA/GIRO    2000 REGION Y CASA MATRIZ LA P,-2.50,19-09,19705819.01 
19/09/2025,JEFATURA DE ASES 30717321231 BCO.014 REF.00000000000110,276233.40,19-09,19982052.41 
19/09/2025,IMPUESTO CREDITO -LEY 25413,-1657.37,19-09,19980395.04 
19/09/2025,RETENCION ARBA,-6905.70,19-09,19973489.34 
19/09/2025,IMPUESTO DEBITO -LEY 25413,-41.43,19-09,19973447.91 
19/09/2025,COMISION TRANSFERENCIA/GIRO    2000 REGION Y CASA MATRIZ LA P,-5.00,19-09,19973442.91 
22/09/2025,CR.DEBIN 19/09-S.576002 C:30657033770,4951.60,22-09,19978394.51 
22/09/2025,IMPUESTO CREDITO -LEY 25413,-29.71,22-09,19978364.80 
22/09/2025,RETENCION ARBA,-123.70,22-09,19978241.10 
22/09/2025,IMPUESTO DEBITO -LEY 25413,-0.74,22-09,19978240.36 
22/09/2025,CHEQUE DE CAMARA 007712616,-1751712.00,22-09,18226528.36 
22/09/2025,IMPUESTO DEBITO -LEY 25413     1952 CONTABILIDAD Y CONCILIACI,-10510.27,22-09,18216018.09 
22/09/2025,CR.DEBIN 20/09-S.462769 C:30657033770,9903.20,22-09,18225921.29 
22/09/2025,IMPUESTO CREDITO -LEY 25413,-59.42,22-09,18225861.87 
22/09/2025,RETENCION ARBA,-247.50,22-09,18225614.37 
22/09/2025,IMPUESTO DEBITO -LEY 25413,-1.49,22-09,18225612.88 
22/09/2025,PAGO CUOTA,COM,GASTOS PRESTAMO 1987 BIYCSA,-65991.71,22-09,18159621.17 
22/09/2025,IMPUESTO DEBITO -LEY 25413,-395.95,22-09,18159225.22 
22/09/2025,PAGO CUOTA,COM,GASTOS PRESTAMO 1987 BIYCSA,-1000000.00,22-09,17159225.22 
22/09/2025,IMPUESTO DEBITO -LEY 25413,-6000.00,22-09,17153225.22 
22/09/2025,CR.TRAN. 30574816870 AMERICAN EXPRESS,94140.80,22-09,17247366.02 
22/09/2025,IMPUESTO CREDITO -LEY 25413    0001,-564.84,22-09,17246801.18 
22/09/2025,RETENCION ARBA                 0001,-2353.50,22-09,17244447.68 
22/09/2025,IMPUESTO DEBITO -LEY 25413     0001,-14.12,22-09,17244433.56 
22/09/2025,CR.TRAN. 30546666707 Facultad de Humaninades 00X25,331724.01,22-09,17576157.57 
22/09/2025,IMPUESTO CREDITO -LEY 25413    2170,-1990.34,22-09,17574167.23 
22/09/2025,RETENCION ARBA                 2170,-8293.10,22-09,17565874.13 
22/09/2025,IMPUESTO DEBITO -LEY 25413     2170,-49.76,22-09,17565824.37 
22/09/2025,PAGOS A COMERCIOS VISA - L. 0000248782 - C. 00003907330,563694.37,22-09,18129518.74 
22/09/2025,IMPUESTO CREDITO -LEY 25413    1002 MEDIOS DE PAGO,-3382.17,22-09,18126136.57 
22/09/2025,RETENCION ARBA                 1002 MEDIOS DE PAGO,-14092.30,22-09,18112044.27 
22/09/2025,IMPUESTO DEBITO -LEY 25413     1002 MEDIOS DE PAGO,-84.55,22-09,18111959.72 
22/09/2025,PAGOS A COMERCIOS VISA - L. 0000248864 - C. 00003907330,151536.01,22-09,18263495.73 
22/09/2025,IMPUESTO CREDITO -LEY 25413    1002 MEDIOS DE PAGO,-909.22,22-09,18262586.51 
22/09/2025,RETENCION ARBA                 1002 MEDIOS DE PAGO,-3788.40,22-09,18258798.11 
22/09/2025,IMPUESTO DEBITO -LEY 25413     1002 MEDIOS DE PAGO,-22.73,22-09,18258775.38 
22/09/2025,PAGOS A COMERCIOS MASTERCARD - L. 0000248759 - C. 00003907330,136815.12,22-09,18395590.50 
22/09/2025,IMPUESTO CREDITO -LEY 25413    1002 MEDIOS DE PAGO,-820.89,22-09,18394769.61 
22/09/2025,RETENCION ARBA                 1002 MEDIOS DE PAGO,-3420.30,22-09,18391349.31 
22/09/2025,IMPUESTO DEBITO -LEY 25413     1002 MEDIOS DE PAGO,-20.52,22-09,18391328.79 
22/09/2025,PAGOS A COMERCIOS MASTERCARD - L. 0000248830 - C. 00003907330,14607.64,22-09,18405936.43 
22/09/2025,IMPUESTO CREDITO -LEY 25413    1002 MEDIOS DE PAGO,-87.65,22-09,18405848.78 
22/09/2025,RETENCION ARBA                 1002 MEDIOS DE PAGO,-365.10,22-09,18405483.68 
22/09/2025,IMPUESTO DEBITO -LEY 25413     1002 MEDIOS DE PAGO,-2.19,22-09,18405481.49 
22/09/2025,CR.DEBIN 22/09-S.753523 C:30657033770,9903.20,22-09,18415384.69 
22/09/2025,IMPUESTO CREDITO -LEY 25413,-59.42,22-09,18415325.27 
22/09/2025,RETENCION ARBA,-247.50,22-09,18415077.77 
22/09/2025,IMPUESTO DEBITO -LEY 25413,-1.49,22-09,18415076.28 
22/09/2025,CR.TRAN. 30624944255ETESORERIA GENERAL PCIA BS 00D00,556807.76,22-09,18971884.04 
22/09/2025,IMPUESTO CREDITO -LEY 25413    2000 REGION Y CASA MATRIZ LA P,-3340.85,22-09,18968543.19 
22/09/2025,RETENCION ARBA                 2000 REGION Y CASA MATRIZ LA P,-13920.10,22-09,18954623.09 
22/09/2025,IMPUESTO DEBITO -LEY 25413     2000 REGION Y CASA MATRIZ LA P,-83.52,22-09,18954539.57 
22/09/2025,CR.TRAN. 30624944255ETESORERIA GENERAL PCIA BS 00D00,1856586.31,22-09,20811125.88 
22/09/2025,IMPUESTO CREDITO -LEY 25413    2000 REGION Y CASA MATRIZ LA P,-11139.52,22-09,20799986.36 
22/09/2025,RETENCION ARBA                 2000 REGION Y CASA MATRIZ LA P,-46414.60,22-09,20753571.76 
22/09/2025,IMPUESTO DEBITO -LEY 25413     2000 REGION Y CASA MATRIZ LA P,-278.49,22-09,20753293.27 
22/09/2025,CR.TRAN. 30559880120 JOSE ANACLETO E HIJOS S A,297174.23,22-09,21050467.50 
22/09/2025,IMPUESTO CREDITO -LEY 25413    0101,-1783.05,22-09,21048684.45 
22/09/2025,RETENCION ARBA                 0101,-7429.30,22-09,21041255.15 
22/09/2025,IMPUESTO DEBITO -LEY 25413     0101,-44.58,22-09,21041210.57 
22/09/2025,REVERSA RETENCION ARBA,46414.60,22-09,21087625.17 
22/09/2025,REVERSA RETENCION ARBA,13920.10,22-09,21101545.27 
22/09/2025,REV. IMP.DEBITO.-LEY 25413,278.49,22-09,21101823.76 
22/09/2025,REV. IMP.DEBITO.-LEY 25413,83.52,22-09,21101907.28 
22/09/2025,COMISION DATANET,-47.07,22-09,21101860.21 
22/09/2025,IMPUESTO DEBITO -LEY 25413,-0.28,22-09,21101859.93 
22/09/2025,COMISION DATANET,-148.58,22-09,21101711.35 
22/09/2025,IMPUESTO DEBITO -LEY 25413,-0.89,22-09,21101710.46 
22/09/2025,COMISION DATANET,-165.86,22-09,21101544.60 
22/09/2025,IMPUESTO DEBITO -LEY 25413,-1.00,22-09,21101543.60 
22/09/2025,COMISION DATANET,-278.40,22-09,21101265.20 
22/09/2025,IMPUESTO DEBITO -LEY 25413,-1.67,22-09,21101263.53 
22/09/2025,COMISION DATANET,-928.29,22-09,21100335.24 
22/09/2025,IMPUESTO DEBITO -LEY 25413,-5.57,22-09,21100329.67 
23/09/2025,CR.DEBIN 22/09-S.375500 C:30657033770,32680.56,23-09,21133010.23 
23/09/2025,IMPUESTO CREDITO -LEY 25413,-196.08,23-09,21132814.15 
23/09/2025,RETENCION ARBA,-817.00,23-09,21131997.15 
23/09/2025,IMPUESTO DEBITO -LEY 25413,-4.90,23-09,21131992.25 
23/09/2025,CHEQUE DE CAMARA 007712611,-1513471.58,23-09,19618520.67 
23/09/2025,IMPUESTO DEBITO -LEY 25413     1950 COMPENSACION DE VALORES,-9080.83,23-09,19609439.84 
23/09/2025,CHEQUE DE CAMARA 011210303,-1500000.00,23-09,18109439.84 
23/09/2025,IMPUESTO DEBITO -LEY 25413     1950 COMPENSACION DE VALORES,-9000.00,23-09,18100439.84 
23/09/2025,CHEQUE DE CAMARA 011210306,-1500000.00,23-09,16600439.84 
23/09/2025,IMPUESTO DEBITO -LEY 25413     1950 COMPENSACION DE VALORES,-9000.00,23-09,16591439.84 
23/09/2025,PAGOS A COMERCIOS VISA - L. 0000248942 - C. 00003907330,1307836.50,23-09,17899276.34 
23/09/2025,IMPUESTO CREDITO -LEY 25413    1002 MEDIOS DE PAGO,-7847.02,23-09,17891429.32 
23/09/2025,RETENCION ARBA                 1002 MEDIOS DE PAGO,-32695.90,23-09,17858733.42 
23/09/2025,IMPUESTO DEBITO -LEY 25413     1002 MEDIOS DE PAGO,-196.18,23-09,17858537.24 
23/09/2025,PAGOS A COMERCIOS VISA - L. 0000249030 - C. 00003907330,1078333.60,23-09,18936870.84 
23/09/2025,IMPUESTO CREDITO -LEY 25413    1002 MEDIOS DE PAGO,-6470.00,23-09,18930400.84 
23/09/2025,RETENCION ARBA                 1002 MEDIOS DE PAGO,-26958.30,23-09,18903442.54 
23/09/2025,IMPUESTO DEBITO -LEY 25413     1002 MEDIOS DE PAGO,-161.75,23-09,18903280.79 
23/09/2025,PAGOS A COMERCIOS MASTERCARD - L. 0000248907 - C. 00003907330,293837.24,23-09,19197118.03 
23/09/2025,IMPUESTO CREDITO -LEY 25413    1002 MEDIOS DE PAGO,-1763.02,23-09,19195355.01 
23/09/2025,RETENCION ARBA                 1002 MEDIOS DE PAGO,-7345.90,23-09,19188009.11 
23/09/2025,IMPUESTO DEBITO -LEY 25413     1002 MEDIOS DE PAGO,-44.08,23-09,19187965.03 
23/09/2025,PAGOS A COMERCIOS MASTERCARD - L. 0000248991 - C. 00003907330,133797.05,23-09,19321762.08 
23/09/2025,IMPUESTO CREDITO -LEY 25413    1002 MEDIOS DE PAGO,-802.78,23-09,19320959.30 
23/09/2025,RETENCION ARBA                 1002 MEDIOS DE PAGO,-3344.90,23-09,19317614.40 
23/09/2025,IMPUESTO DEBITO -LEY 25413     1002 MEDIOS DE PAGO,-20.07,23-09,19317594.33 
23/09/2025,PAGOS A COMERCIOS MASTERCARD - L. 0000248938 - C. 00003907330,21832.20,23-09,19339426.53 
23/09/2025,IMPUESTO CREDITO -LEY 25413    1002 MEDIOS DE PAGO,-130.99,23-09,19339295.54 
23/09/2025,RETENCION ARBA                 1002 MEDIOS DE PAGO,-545.80,23-09,19338749.74 
23/09/2025,IMPUESTO DEBITO -LEY 25413     1002 MEDIOS DE PAGO,-3.27,23-09,19338746.47 
23/09/2025,CR.TRAN. 30550857061CCOLEG FARMACEUTICOS PCIA BS A 00A04,63210.00,23-09,19401956.47 
23/09/2025,IMPUESTO CREDITO -LEY 25413    2000 REGION Y CASA MATRIZ LA P,-379.26,23-09,19401577.21 
23/09/2025,RETENCION ARBA                 2000 REGION Y CASA MATRIZ LA P,-1580.20,23-09,19399997.01 
23/09/2025,IMPUESTO DEBITO -LEY 25413     2000 REGION Y CASA MATRIZ LA P,-9.48,23-09,19399987.53 
23/09/2025,CR.DEBIN 23/09-S.484233 C:30657033770,21588.98,23-09,19421576.51 
23/09/2025,IMPUESTO CREDITO -LEY 25413,-129.53,23-09,19421446.98 
23/09/2025,RETENCION ARBA,-539.70,23-09,19420907.28 
23/09/2025,IMPUESTO DEBITO -LEY 25413,-3.24,23-09,19420904.04 
23/09/2025,CR.TRAN. 30657864281 CAMUZZI GAS PAMPEANA,226800.73,23-09,19647704.77 
23/09/2025,IMPUESTO CREDITO -LEY 25413    0101,-1360.80,23-09,19646343.97 
23/09/2025,RETENCION ARBA                 0101,-5670.00,23-09,19640673.97 
23/09/2025,IMPUESTO DEBITO -LEY 25413     0101,-34.02,23-09,19640639.95 
23/09/2025,CR.DEBIN 23/09-S.442195 C:30657033770,27728.96,23-09,19668368.91 
23/09/2025,IMPUESTO CREDITO -LEY 25413,-166.37,23-09,19668202.54 
23/09/2025,RETENCION ARBA,-693.20,23-09,19667509.34 
23/09/2025,IMPUESTO DEBITO -LEY 25413,-4.16,23-09,19667505.18 
23/09/2025,CR.DEBIN 23/09-S.526599 C:30657033770,4951.60,23-09,19672456.78 
23/09/2025,IMPUESTO CREDITO -LEY 25413,-29.71,23-09,19672427.07 
23/09/2025,RETENCION ARBA,-123.70,23-09,19672303.37 
23/09/2025,IMPUESTO DEBITO -LEY 25413,-0.74,23-09,19672302.63 
23/09/2025,COMISION DATANET,-31.60,23-09,19672271.03 
23/09/2025,IMPUESTO DEBITO -LEY 25413,-0.19,23-09,19672270.84 
23/09/2025,COMISION DATANET,-113.40,23-09,19672157.44 
23/09/2025,IMPUESTO DEBITO -LEY 25413,-0.68,23-09,19672156.76 
24/09/2025,CR.DEBIN 23/09-S.781659 C:30657033770,21688.01,24-09,19693844.77 
24/09/2025,IMPUESTO CREDITO -LEY 25413,-130.13,24-09,19693714.64 
24/09/2025,RETENCION ARBA,-542.20,24-09,19693172.44 
24/09/2025,IMPUESTO DEBITO -LEY 25413,-3.25,24-09,19693169.19 
24/09/2025,CR.DEBIN 23/09-S.372881 C:30657033770,11883.84,24-09,19705053.03 
24/09/2025,IMPUESTO CREDITO -LEY 25413,-71.30,24-09,19704981.73 
24/09/2025,RETENCION ARBA,-297.00,24-09,19704684.73 
24/09/2025,IMPUESTO DEBITO -LEY 25413,-1.78,24-09,19704682.95 
24/09/2025,CR.DEBIN 23/09-S.465647 C:30657033770,5941.92,24-09,19710624.87 
24/09/2025,IMPUESTO CREDITO -LEY 25413,-35.65,24-09,19710589.22 
24/09/2025,RETENCION ARBA,-148.50,24-09,19710440.72 
24/09/2025,IMPUESTO DEBITO -LEY 25413,-0.89,24-09,19710439.83 
24/09/2025,PAGOS A COMERCIOS VISA - L. 0000249102 - C. 00003907330,565730.67,24-09,20276170.50 
24/09/2025,IMPUESTO CREDITO -LEY 25413    1002 MEDIOS DE PAGO,-3394.38,24-09,20272776.12 
24/09/2025,RETENCION ARBA                 1002 MEDIOS DE PAGO,-14143.20,24-09,20258632.92 
24/09/2025,IMPUESTO DEBITO -LEY 25413     1002 MEDIOS DE PAGO,-84.86,24-09,20258548.06 
24/09/2025,PAGOS A COMERCIOS MASTERCARD - L. 0000249077 - C. 00003907330,133807.13,24-09,20392355.19 
24/09/2025,IMPUESTO CREDITO -LEY 25413    1002 MEDIOS DE PAGO,-802.84,24-09,20391552.35 
24/09/2025,RETENCION ARBA                 1002 MEDIOS DE PAGO,-3345.10,24-09,20388207.25 
24/09/2025,IMPUESTO DEBITO -LEY 25413     1002 MEDIOS DE PAGO,-20.07,24-09,20388187.18 
24/09/2025,PAGOS A COMERCIOS VISA - L. 0000249187 - C. 00003907330,129215.62,24-09,20517402.80 
24/09/2025,IMPUESTO CREDITO -LEY 25413    1002 MEDIOS DE PAGO,-775.29,24-09,20516627.51 
24/09/2025,RETENCION ARBA                 1002 MEDIOS DE PAGO,-3230.30,24-09,20513397.21 
24/09/2025,IMPUESTO DEBITO -LEY 25413     1002 MEDIOS DE PAGO,-19.38,24-09,20513377.83 
24/09/2025,PAGOS A COMERCIOS MASTERCARD - L. 0000249147 - C. 00003907330,120473.25,24-09,20633851.08 
24/09/2025,IMPUESTO CREDITO -LEY 25413    1002 MEDIOS DE PAGO,-722.84,24-09,20633128.24 
24/09/2025,RETENCION ARBA                 1002 MEDIOS DE PAGO,-3011.80,24-09,20630116.44 
24/09/2025,IMPUESTO DEBITO -LEY 25413     1002 MEDIOS DE PAGO,-18.07,24-09,20630098.37 
24/09/2025,CR.TRAN. 30715803891 RAPPI ARG SAS,29244.57,24-09,20659342.94 
24/09/2025,IMPUESTO CREDITO -LEY 25413    0814,-175.47,24-09,20659167.47 
24/09/2025,RETENCION ARBA                 0814,-731.10,24-09,20658436.37 
24/09/2025,IMPUESTO DEBITO -LEY 25413     0814,-4.39,24-09,20658431.98 
24/09/2025,CR.TRAN. 30550857061CCOLEG FARMACEUTICOS PCIA BS A 00A04,341824.00,24-09,21000255.98 
24/09/2025,IMPUESTO CREDITO -LEY 25413    2000 REGION Y CASA MATRIZ LA P,-2050.94,24-09,20998205.04 
24/09/2025,RETENCION ARBA                 2000 REGION Y CASA MATRIZ LA P,-8545.60,24-09,20989659.44 
24/09/2025,IMPUESTO DEBITO -LEY 25413     2000 REGION Y CASA MATRIZ LA P,-51.27,24-09,20989608.17 
24/09/2025,CR.TRAN. 30550857061CCOLEG FARMACEUTICOS PCIA BS A 00A04,67032.00,24-09,21056640.17 
24/09/2025,IMPUESTO CREDITO -LEY 25413    2000 REGION Y CASA MATRIZ LA P,-402.19,24-09,21056237.98 
24/09/2025,RETENCION ARBA                 2000 REGION Y CASA MATRIZ LA P,-1675.80,24-09,21054562.18 
24/09/2025,IMPUESTO DEBITO -LEY 25413     2000 REGION Y CASA MATRIZ LA P,-10.05,24-09,21054552.13 
24/09/2025,CR.TRAN. 30624944255ETESORERIA GENERAL PCIA BS 00D00,3144019.20,24-09,24198571.33 
24/09/2025,IMPUESTO CREDITO -LEY 25413    2000 REGION Y CASA MATRIZ LA P,-18864.12,24-09,24179707.21 
24/09/2025,RETENCION ARBA                 2000 REGION Y CASA MATRIZ LA P,-78600.40,24-09,24101106.81 
24/09/2025,IMPUESTO DEBITO -LEY 25413     2000 REGION Y CASA MATRIZ LA P,-471.60,24-09,24100635.21 
24/09/2025,CHEQUE DE CAMARA 011210304,-246148.30,24-09,23854486.91 
24/09/2025,IMPUESTO DEBITO -LEY 25413     5059 AVENIDA 44 (LA PLATA),-1476.89,24-09,23853010.02 
24/09/2025,CR.TRAN. 33593283319 CORREGIDOR SA,483294.00,24-09,24336304.02 
24/09/2025,IMPUESTO CREDITO -LEY 25413    0001,-2899.76,24-09,24333404.26 
24/09/2025,RETENCION ARBA                 0001,-12082.30,24-09,24321321.96 
24/09/2025,IMPUESTO DEBITO -LEY 25413     0001,-72.49,24-09,24321249.47 
24/09/2025,CR.TRAN. 33593283319 CORREGIDOR SA,492624.00,24-09,24813873.47 
24/09/2025,IMPUESTO CREDITO -LEY 25413    0001,-2955.74,24-09,24810917.73 
24/09/2025,RETENCION ARBA                 0001,-12315.60,24-09,24798602.13 
24/09/2025,IMPUESTO DEBITO -LEY 25413     0001,-73.89,24-09,24798528.24 
24/09/2025,REVERSA RETENCION ARBA,78600.40,24-09,24877128.64 
24/09/2025,REV. IMP.DEBITO.-LEY 25413,471.60,24-09,24877600.24 
24/09/2025,COMISION DATANET,-14.62,24-09,24877585.62 
24/09/2025,IMPUESTO DEBITO -LEY 25413,-0.09,24-09,24877585.53 
24/09/2025,COMISION DATANET,-204.42,24-09,24877381.11 
24/09/2025,IMPUESTO DEBITO -LEY 25413,-1.23,24-09,24877379.88 
24/09/2025,COMISION DATANET,-241.64,24-09,24877138.24 
24/09/2025,IMPUESTO DEBITO -LEY 25413,-1.45,24-09,24877136.79 
24/09/2025,COMISION DATANET,-246.31,24-09,24876890.48 
24/09/2025,IMPUESTO DEBITO -LEY 25413,-1.48,24-09,24876889.00 
24/09/2025,COMISION DATANET,-1572.00,24-09,24875317.00 
24/09/2025,IMPUESTO DEBITO -LEY 25413,-9.43,24-09,24875307.57 
25/09/2025,CHEQUE DE CAMARA 011210308,-1500000.00,25-09,23375307.57 
25/09/2025,IMPUESTO DEBITO -LEY 25413     1950 COMPENSACION DE VALORES,-9000.00,25-09,23366307.57 
25/09/2025,CR.TRAN. 30710100140 CCT CONICET LA PLATA,52123.97,25-09,23418431.54 
25/09/2025,IMPUESTO CREDITO -LEY 25413    4930,-312.74,25-09,23418118.80 
25/09/2025,RETENCION ARBA                 4930,-1303.00,25-09,23416815.80 
25/09/2025,IMPUESTO DEBITO -LEY 25413     4930,-7.82,25-09,23416807.98 
25/09/2025,PAGOS A COMERCIOS VISA - L. 0000249264 - C. 00003907330,499385.20,25-09,23916193.18 
25/09/2025,IMPUESTO CREDITO -LEY 25413    1002 MEDIOS DE PAGO,-2996.31,25-09,23913196.87 
25/09/2025,RETENCION ARBA                 1002 MEDIOS DE PAGO,-12484.60,25-09,23900712.27 
25/09/2025,IMPUESTO DEBITO -LEY 25413     1002 MEDIOS DE PAGO,-74.91,25-09,23900637.36 
25/09/2025,PAGOS A COMERCIOS MASTERCARD - L. 0000249304 - C. 00003907330,252940.22,25-09,24153577.58 
25/09/2025,IMPUESTO CREDITO -LEY 25413    1002 MEDIOS DE PAGO,-1517.64,25-09,24152059.94 
25/09/2025,RETENCION ARBA                 1002 MEDIOS DE PAGO,-6323.50,25-09,24145736.44 
25/09/2025,IMPUESTO DEBITO -LEY 25413     1002 MEDIOS DE PAGO,-37.94,25-09,24145698.50 
25/09/2025,PAGOS A COMERCIOS VISA - L. 0000249334 - C. 00003907330,221872.57,25-09,24367571.07 
25/09/2025,IMPUESTO CREDITO -LEY 25413    1002 MEDIOS DE PAGO,-1331.24,25-09,24366239.83 
25/09/2025,RETENCION ARBA                 1002 MEDIOS DE PAGO,-5546.80,25-09,24360693.03 
25/09/2025,IMPUESTO DEBITO -LEY 25413     1002 MEDIOS DE PAGO,-33.28,25-09,24360659.75 
25/09/2025,PAGOS A COMERCIOS MASTERCARD - L. 0000249234 - C. 00003907330,64914.41,25-09,24425574.16 
25/09/2025,IMPUESTO CREDITO -LEY 25413    1002 MEDIOS DE PAGO,-389.49,25-09,24425184.67 
25/09/2025,RETENCION ARBA                 1002 MEDIOS DE PAGO,-1622.80,25-09,24423561.87 
25/09/2025,IMPUESTO DEBITO -LEY 25413     1002 MEDIOS DE PAGO,-9.74,25-09,24423552.13 
25/09/2025,CR.TRAN. 33593283319 CORREGIDOR SA,600000.00,25-09,25023552.13 
25/09/2025,IMPUESTO CREDITO -LEY 25413    0001,-3600.00,25-09,25019952.13 
25/09/2025,RETENCION ARBA                 0001,-15000.00,25-09,25004952.13 
25/09/2025,IMPUESTO DEBITO -LEY 25413     0001,-90.00,25-09,25004862.13 
25/09/2025,CR.DEBIN 25/09-S.995819 C:30657033770,14161.58,25-09,25019023.71 
25/09/2025,IMPUESTO CREDITO -LEY 25413,-84.97,25-09,25018938.74 
25/09/2025,RETENCION ARBA,-354.00,25-09,25018584.74 
25/09/2025,IMPUESTO DEBITO -LEY 25413,-2.12,25-09,25018582.62 
25/09/2025,COMISION DATANET,-26.06,25-09,25018556.56 
25/09/2025,IMPUESTO DEBITO -LEY 25413,-0.16,25-09,25018556.40 
25/09/2025,COMISION DATANET,-300.00,25-09,25018256.40 
25/09/2025,IMPUESTO DEBITO -LEY 25413,-1.80,25-09,25018254.60 
26/09/2025,CHEQUE DE CAMARA 011210310,-1211765.00,26-09,23806489.60 
26/09/2025,IMPUESTO DEBITO -LEY 25413     1950 COMPENSACION DE VALORES,-7270.59,26-09,23799219.01 
26/09/2025,CR.TRAN. 30574816870 AMERICAN EXPRESS,25643.25,26-09,23824862.26 
26/09/2025,IMPUESTO CREDITO -LEY 25413    0001,-153.86,26-09,23824708.40 
26/09/2025,RETENCION ARBA                 0001,-641.00,26-09,23824067.40 
26/09/2025,IMPUESTO DEBITO -LEY 25413     0001,-3.85,26-09,23824063.55 
26/09/2025,PAGOS A COMERCIOS VISA - L. 0000249415 - C. 00003907330,710019.08,26-09,24534082.63 
26/09/2025,IMPUESTO CREDITO -LEY 25413    1002 MEDIOS DE PAGO,-4260.11,26-09,24529822.52 
26/09/2025,RETENCION ARBA                 1002 MEDIOS DE PAGO,-17750.40,26-09,24512072.12 
26/09/2025,IMPUESTO DEBITO -LEY 25413     1002 MEDIOS DE PAGO,-106.50,26-09,24511965.62 
26/09/2025,PAGOS A COMERCIOS VISA - L. 0000249508 - C. 00003907330,79694.98,26-09,24591660.60 
26/09/2025,IMPUESTO CREDITO -LEY 25413    1002 MEDIOS DE PAGO,-478.17,26-09,24591182.43 
26/09/2025,RETENCION ARBA                 1002 MEDIOS DE PAGO,-1992.30,26-09,24589190.13 
26/09/2025,IMPUESTO DEBITO -LEY 25413     1002 MEDIOS DE PAGO,-11.95,26-09,24589178.18 
26/09/2025,PAGOS A COMERCIOS MASTERCARD - L. 0000249391 - C. 00003907330,71085.64,26-09,24660263.82 
26/09/2025,IMPUESTO CREDITO -LEY 25413    1002 MEDIOS DE PAGO,-426.51,26-09,24659837.31 
26/09/2025,RETENCION ARBA                 1002 MEDIOS DE PAGO,-1777.10,26-09,24658060.21 
26/09/2025,IMPUESTO DEBITO -LEY 25413     1002 MEDIOS DE PAGO,-10.66,26-09,24658049.55 
26/09/2025,PAGOS A COMERCIOS MASTERCARD - L. 0000249458 - C. 00003907330,37897.12,26-09,24695946.67 
26/09/2025,IMPUESTO CREDITO -LEY 25413    1002 MEDIOS DE PAGO,-227.38,26-09,24695719.29 
26/09/2025,RETENCION ARBA                 1002 MEDIOS DE PAGO,-947.40,26-09,24694771.89 
26/09/2025,IMPUESTO DEBITO -LEY 25413     1002 MEDIOS DE PAGO,-5.68,26-09,24694766.21 
26/09/2025,CR.TRAN. 30550857061CCOLEG FARMACEUTICOS PCIA BS A 00A04,39200.00,26-09,24733966.21 
26/09/2025,IMPUESTO CREDITO -LEY 25413    2000 REGION Y CASA MATRIZ LA P,-235.20,26-09,24733731.01 
26/09/2025,RETENCION ARBA                 2000 REGION Y CASA MATRIZ LA P,-980.00,26-09,24732751.01 
26/09/2025,IMPUESTO DEBITO -LEY 25413     2000 REGION Y CASA MATRIZ LA P,-5.88,26-09,24732745.13 
26/09/2025,BIP CR TR 26/09-C.000562215166 ORI:0014-03-200006877028,1720000.00,26-09,26452745.13 
26/09/2025,IMPUESTO CREDITO -LEY 25413    2000 REGION Y CASA MATRIZ LA P,-10320.00,26-09,26442425.13 
26/09/2025,RETENCION ARBA                 2000 REGION Y CASA MATRIZ LA P,-43000.00,26-09,26399425.13 
26/09/2025,IMPUESTO DEBITO -LEY 25413     2000 REGION Y CASA MATRIZ LA P,-258.00,26-09,26399167.13 
26/09/2025,BIP CR TR 26/09-C.000332899660 ORI:0014-03-200006877028,2240001.36,26-09,28639168.49 
26/09/2025,IMPUESTO CREDITO -LEY 25413    2000 REGION Y CASA MATRIZ LA P,-13440.01,26-09,28625728.48 
26/09/2025,RETENCION ARBA                 2000 REGION Y CASA MATRIZ LA P,-56000.00,26-09,28569728.48 
26/09/2025,IMPUESTO DEBITO -LEY 25413     2000 REGION Y CASA MATRIZ LA P,-336.00,26-09,28569392.48 
29/09/2025,CHEQUE DE CAMARA 011210313,-1610555.11,29-09,26958837.37 
29/09/2025,IMPUESTO DEBITO -LEY 25413     1950 COMPENSACION DE VALORES,-9663.33,29-09,26949174.04 
29/09/2025,CHEQUE DE CAMARA 007712619,-1738752.00,29-09,25210422.04 
29/09/2025,IMPUESTO DEBITO -LEY 25413     5015 CALLE 12 (LA PLATA),-10432.51,29-09,25199989.53 
29/09/2025,COM. MANT. POR 042 MOV. PERIODO (27-08-2025/26-09-2025),-66528.00,29-09,25133461.53 
29/09/2025,IMPUESTO I.BRUTOS - PERCEPCION,-3326.40,29-09,25130135.13 
29/09/2025,IMPUESTO DEBITO -LEY 25413,-399.17,29-09,25129735.96 
29/09/2025,IMPUESTO DEBITO -LEY 25413,-19.96,29-09,25129716.00 
29/09/2025,CR.DEBIN 27/09-S.540248 C:30657033770,9903.20,29-09,25139619.20 
29/09/2025,IMPUESTO CREDITO -LEY 25413,-59.42,29-09,25139559.78 
29/09/2025,RETENCION ARBA,-247.50,29-09,25139312.28 
29/09/2025,IMPUESTO DEBITO -LEY 25413,-1.49,29-09,25139310.79 
29/09/2025,CR.DEBIN 27/09-S.195579 C:30657033770,5941.92,29-09,25145252.71 
29/09/2025,IMPUESTO CREDITO -LEY 25413,-35.65,29-09,25145217.06 
29/09/2025,RETENCION ARBA,-148.50,29-09,25145068.56 
29/09/2025,IMPUESTO DEBITO -LEY 25413,-0.89,29-09,25145067.67 
29/09/2025,CR.DEBIN 27/09-S.223685 C:30657033770,7328.37,29-09,25152396.04 
29/09/2025,IMPUESTO CREDITO -LEY 25413,-43.97,29-09,25152352.07 
29/09/2025,RETENCION ARBA,-183.20,29-09,25152168.87 
29/09/2025,IMPUESTO DEBITO -LEY 25413,-1.10,29-09,25152167.77 
29/09/2025,CR.TRAN. 30574816870 AMERICAN EXPRESS,100783.80,29-09,25252951.57 
29/09/2025,IMPUESTO CREDITO -LEY 25413    0001,-604.70,29-09,25252346.87 
29/09/2025,RETENCION ARBA                 0001,-2519.50,29-09,25249827.37 
29/09/2025,IMPUESTO DEBITO -LEY 25413     0001,-15.12,29-09,25249812.25 
29/09/2025,BIP DB.TR.29/09-C.316047 D:27214447008 N:NADAL ANDREA F,-200000.00,29-09,25049812.25 
29/09/2025,IMPUESTO DEBITO -LEY 25413,-1200.00,29-09,25048612.25 
29/09/2025,PAGOS A COMERCIOS VISA - L. 0000249592 - C. 00003907330,491996.24,29-09,25540608.49 
29/09/2025,IMPUESTO CREDITO -LEY 25413    1002 MEDIOS DE PAGO,-2951.98,29-09,25537656.51 
29/09/2025,RETENCION ARBA                 1002 MEDIOS DE PAGO,-12299.90,29-09,25525356.61 
29/09/2025,IMPUESTO DEBITO -LEY 25413     1002 MEDIOS DE PAGO,-73.80,29-09,25525282.81 
29/09/2025,PAGOS A COMERCIOS VISA - L. 0000249670 - C. 00003907330,349592.33,29-09,25874875.14 
29/09/2025,IMPUESTO CREDITO -LEY 25413    1002 MEDIOS DE PAGO,-2097.55,29-09,25872777.59 
29/09/2025,RETENCION ARBA                 1002 MEDIOS DE PAGO,-8739.80,29-09,25864037.79 
29/09/2025,IMPUESTO DEBITO -LEY 25413     1002 MEDIOS DE PAGO,-52.44,29-09,25863985.35 
29/09/2025,PAGOS A COMERCIOS MASTERCARD - L. 0000249562 - C. 00003907330,112324.24,29-09,25976309.59 
29/09/2025,IMPUESTO CREDITO -LEY 25413    1002 MEDIOS DE PAGO,-673.95,29-09,25975635.64 
29/09/2025,RETENCION ARBA                 1002 MEDIOS DE PAGO,-2808.10,29-09,25972827.54 
29/09/2025,IMPUESTO DEBITO -LEY 25413     1002 MEDIOS DE PAGO,-16.85,29-09,25972810.69 
29/09/2025,PAGOS A COMERCIOS MASTERCARD - L. 0000249640 - C. 00003907330,43665.42,29-09,26016476.11 
29/09/2025,IMPUESTO CREDITO -LEY 25413    1002 MEDIOS DE PAGO,-261.99,29-09,26016214.12 
29/09/2025,RETENCION ARBA                 1002 MEDIOS DE PAGO,-1091.60,29-09,26015122.52 
29/09/2025,IMPUESTO DEBITO -LEY 25413     1002 MEDIOS DE PAGO,-6.55,29-09,26015115.97 
29/09/2025,CARGO A COMERCIOS MASTERCARD - L. 0000249474 - C. 00003907330,-1950.50,29-09,26013165.47 
29/09/2025,CR.TRAN. 30624944255ETESORERIA GENERAL PCIA BS 00D00,2074925.51,29-09,28088090.98 
29/09/2025,IMPUESTO CREDITO -LEY 25413    2000 REGION Y CASA MATRIZ LA P,-12449.55,29-09,28075641.43 
29/09/2025,RETENCION ARBA                 2000 REGION Y CASA MATRIZ LA P,-51873.10,29-09,28023768.33 
29/09/2025,IMPUESTO DEBITO -LEY 25413     2000 REGION Y CASA MATRIZ LA P,-311.24,29-09,28023457.09 
29/09/2025,CR.TRAN. 30624944255ETESORERIA GENERAL PCIA BS 00D00,657641.58,29-09,28681098.67 
29/09/2025,IMPUESTO CREDITO -LEY 25413    2000 REGION Y CASA MATRIZ LA P,-3945.85,29-09,28677152.82 
29/09/2025,RETENCION ARBA                 2000 REGION Y CASA MATRIZ LA P,-16441.00,29-09,28660711.82 
29/09/2025,IMPUESTO DEBITO -LEY 25413     2000 REGION Y CASA MATRIZ LA P,-98.65,29-09,28660613.17 
29/09/2025,CR.TRAN. 30624944255ETESORERIA GENERAL PCIA BS 00D00,1405981.59,29-09,30066594.76 
29/09/2025,IMPUESTO CREDITO -LEY 25413    2000 REGION Y CASA MATRIZ LA P,-8435.89,29-09,30058158.87 
29/09/2025,RETENCION ARBA                 2000 REGION Y CASA MATRIZ LA P,-35149.50,29-09,30023009.37 
29/09/2025,IMPUESTO DEBITO -LEY 25413     2000 REGION Y CASA MATRIZ LA P,-210.90,29-09,30022798.47 
29/09/2025,CR.TRAN. 30624944255ETESORERIA GENERAL PCIA BS 00D00,760728.43,29-09,30783526.90 
29/09/2025,IMPUESTO CREDITO -LEY 25413    2000 REGION Y CASA MATRIZ LA P,-4564.37,29-09,30778962.53 
29/09/2025,RETENCION ARBA                 2000 REGION Y CASA MATRIZ LA P,-19018.20,29-09,30759944.33 
29/09/2025,IMPUESTO DEBITO -LEY 25413     2000 REGION Y CASA MATRIZ LA P,-114.11,29-09,30759830.22 
29/09/2025,REVERSA RETENCION ARBA,51873.10,29-09,30811703.32 
29/09/2025,REVERSA RETENCION ARBA,35149.50,29-09,30846852.82 
29/09/2025,REVERSA RETENCION ARBA,19018.20,29-09,30865871.02 
29/09/2025,REVERSA RETENCION ARBA,16441.00,29-09,30882312.02 
29/09/2025,REV. IMP.DEBITO.-LEY 25413,311.24,29-09,30882623.26 
29/09/2025,REV. IMP.DEBITO.-LEY 25413,210.90,29-09,30882834.16 
29/09/2025,REV. IMP.DEBITO.-LEY 25413,114.11,29-09,30882948.27 
29/09/2025,REV. IMP.DEBITO.-LEY 25413,98.65,29-09,30883046.92 
29/09/2025,COMISION DATANET,-50.39,29-09,30882996.53 
29/09/2025,IMPUESTO DEBITO -LEY 25413,-0.30,29-09,30882996.23 
29/09/2025,COMISION DATANET,-702.99,29-09,30882293.24 
29/09/2025,IMPUESTO DEBITO -LEY 25413,-4.22,29-09,30882289.02 
29/09/2025,COMISION DATANET,-1746.64,29-09,30880542.38 
29/09/2025,IMPUESTO DEBITO -LEY 25413,-10.48,29-09,30880531.90 
30/09/2025,CHEQUE DE CAMARA 007712612,-1251025.33,30-09,29629506.57 
30/09/2025,IMPUESTO DEBITO -LEY 25413     1950 COMPENSACION DE VALORES,-7506.15,30-09,29622000.42 
30/09/2025,CHEQUE DE CAMARA 011210326,-1053360.00,30-09,28568640.42 
30/09/2025,IMPUESTO DEBITO -LEY 25413     1950 COMPENSACION DE VALORES,-6320.16,30-09,28562320.26 
30/09/2025,CHEQUE DE CAMARA 011210400,-705166.70,30-09,27857153.56 
30/09/2025,IMPUESTO DEBITO -LEY 25413     1950 COMPENSACION DE VALORES,-4231.00,30-09,27852922.56 
30/09/2025,PAGOS A COMERCIOS VISA - L. 0000249867 - C. 00003907330,1215161.93,30-09,29068084.49 
30/09/2025,IMPUESTO CREDITO -LEY 25413    1002 MEDIOS DE PAGO,-7290.97,30-09,29060793.52 
30/09/2025,RETENCION ARBA                 1002 MEDIOS DE PAGO,-30379.00,30-09,29030414.52 
30/09/2025,IMPUESTO DEBITO -LEY 25413     1002 MEDIOS DE PAGO,-182.27,30-09,29030232.25 
30/09/2025,PAGOS A COMERCIOS VISA - L. 0000249754 - C. 00003907330,1171916.46,30-09,30202148.71 
30/09/2025,IMPUESTO CREDITO -LEY 25413    1002 MEDIOS DE PAGO,-7031.50,30-09,30195117.21 
30/09/2025,RETENCION ARBA                 1002 MEDIOS DE PAGO,-29297.90,30-09,30165819.31 
30/09/2025,IMPUESTO DEBITO -LEY 25413     1002 MEDIOS DE PAGO,-175.79,30-09,30165643.52 
30/09/2025,PAGOS A COMERCIOS MASTERCARD - L. 0000249802 - C. 00003907330,202848.54,30-09,30368492.06 
30/09/2025,IMPUESTO CREDITO -LEY 25413    1002 MEDIOS DE PAGO,-1217.09,30-09,30367274.97 
30/09/2025,RETENCION ARBA                 1002 MEDIOS DE PAGO,-5071.20,30-09,30362203.77 
30/09/2025,IMPUESTO DEBITO -LEY 25413     1002 MEDIOS DE PAGO,-30.43,30-09,30362173.34 
30/09/2025,PAGOS A COMERCIOS MASTERCARD - L. 0000249723 - C. 00003907330,146130.19,30-09,30508303.53 
30/09/2025,IMPUESTO CREDITO -LEY 25413    1002 MEDIOS DE PAGO,-876.78,30-09,30507426.75 
30/09/2025,RETENCION ARBA                 1002 MEDIOS DE PAGO,-3653.20,30-09,30503773.55 
30/09/2025,IMPUESTO DEBITO -LEY 25413     1002 MEDIOS DE PAGO,-21.92,30-09,30503751.63 
30/09/2025,CR.TRAN. 30550857061CCOLEG FARMACEUTICOS PCIA BS A 00A04,66640.00,30-09,30570391.63 
30/09/2025,IMPUESTO CREDITO -LEY 25413    2000 REGION Y CASA MATRIZ LA P,-399.84,30-09,30569991.79 
30/09/2025,RETENCION ARBA                 2000 REGION Y CASA MATRIZ LA P,-1666.00,30-09,30568325.79 
30/09/2025,IMPUESTO DEBITO -LEY 25413     2000 REGION Y CASA MATRIZ LA P,-10.00,30-09,30568315.79 
30/09/2025,CR.TRAN. 30707845488 MARKETING EVENTS & TRAVEL GRO,1260000.02,30-09,31828315.81 
30/09/2025,IMPUESTO CREDITO -LEY 25413    0931,-7560.00,30-09,31820755.81 
30/09/2025,RETENCION ARBA                 0931,-31500.00,30-09,31789255.81 
30/09/2025,IMPUESTO DEBITO -LEY 25413     0931,-189.00,30-09,31789066.81 
30/09/2025,CR.TRAN. 30657864281 CAMUZZI GAS PAMPEANA,583066.82,30-09,32372133.63 
30/09/2025,IMPUESTO CREDITO -LEY 25413    0101,-3498.40,30-09,32368635.23 
30/09/2025,RETENCION ARBA                 0101,-14576.60,30-09,32354058.63 
30/09/2025,IMPUESTO DEBITO -LEY 25413     0101,-87.46,30-09,32353971.17 
30/09/2025,FEDERACION PATR RE.212916027 ID.0432935688000000230925,-426178.70,30-09,31927792.47 
30/09/2025,IMPUESTO DEBITO -LEY 25413     1989 DEBITO DIRECTO Y AUTOMATI,-2557.07,30-09,31925235.40 
30/09/2025,FEDERACION PATR RE.212918873 ID.0432925410000000200925,-252722.35,30-09,31672513.05 
30/09/2025,IMPUESTO DEBITO -LEY 25413     1989 DEBITO DIRECTO Y AUTOMATI,-1516.33,30-09,31670996.72 
30/09/2025,COMISION DATANET,-33.32,30-09,31670963.40 
30/09/2025,IMPUESTO DEBITO -LEY 25413,-0.20,30-09,31670963.20 
30/09/2025,COMISION DATANET,-291.53,30-09,31670671.67 
30/09/2025,IMPUESTO DEBITO -LEY 25413,-1.75,30-09,31670669.92 
30/09/2025,COMISION DATANET,-630.00,30-09,31670039.92 
30/09/2025,IMPUESTO DEBITO -LEY 25413,-3.78,30-09,31670036.14 
01/10/2025,CR.DEBIN 30/09-S.572457 C:30657033770,11883.84,01-10,31681919.98 
01/10/2025,IMPUESTO CREDITO -LEY 25413,-71.30,01-10,31681848.68 
01/10/2025,RETENCION ARBA,-297.00,01-10,31681551.68 
01/10/2025,IMPUESTO DEBITO -LEY 25413,-1.78,01-10,31681549.90 
01/10/2025,CR.DEBIN 30/09-S.385998 C:30657033770,7922.56,01-10,31689472.46 
01/10/2025,IMPUESTO CREDITO -LEY 25413,-47.54,01-10,31689424.92 
01/10/2025,RETENCION ARBA,-198.00,01-10,31689226.92 
01/10/2025,IMPUESTO DEBITO -LEY 25413,-1.19,01-10,31689225.73 
01/10/2025,CHEQUE DE CAMARA 007712620,-359387.02,01-10,31329838.71 
01/10/2025,IMPUESTO DEBITO -LEY 25413     1950 COMPENSACION DE VALORES,-2156.32,01-10,31327682.39 
01/10/2025,CHEQUE DE CAMARA 011210305,-226579.66,01-10,31101102.73 
01/10/2025,IMPUESTO DEBITO -LEY 25413     1950 COMPENSACION DE VALORES,-1359.48,01-10,31099743.25 
01/10/2025,CHEQUE DE CAMARA 011210390,-1903083.88,01-10,29196659.37 
01/10/2025,IMPUESTO DEBITO -LEY 25413     1950 COMPENSACION DE VALORES,-11418.50,01-10,29185240.87 
01/10/2025,CR.TRAN. 30710100140 CCT CONICET LA PLATA,78677.69,01-10,29263918.56 
01/10/2025,IMPUESTO CREDITO -LEY 25413    4930,-472.07,01-10,29263446.49 
01/10/2025,RETENCION ARBA                 4930,-1966.90,01-10,29261479.59 
01/10/2025,IMPUESTO DEBITO -LEY 25413     4930,-11.80,01-10,29261467.79 
01/10/2025,CR.TRAN. 30710100140 CCT CONICET LA PLATA,98347.11,01-10,29359814.90 
01/10/2025,IMPUESTO CREDITO -LEY 25413    4930,-590.08,01-10,29359224.82 
01/10/2025,RETENCION ARBA                 4930,-2458.60,01-10,29356766.22 
01/10/2025,IMPUESTO DEBITO -LEY 25413     4930,-14.75,01-10,29356751.47 
01/10/2025,CR.TRAN. 30710100140 CCT CONICET LA PLATA,98347.11,01-10,29455098.58 
01/10/2025,IMPUESTO CREDITO -LEY 25413    4930,-590.08,01-10,29454508.50 
01/10/2025,RETENCION ARBA                 4930,-2458.60,01-10,29452049.90 
01/10/2025,IMPUESTO DEBITO -LEY 25413     4930,-14.75,01-10,29452035.15 
01/10/2025,CR.DEBIN 01/10-S.622982 C:30657033770,2970.96,01-10,29455006.11 
01/10/2025,IMPUESTO CREDITO -LEY 25413,-17.83,01-10,29454988.28 
01/10/2025,RETENCION ARBA,-74.20,01-10,29454914.08 
01/10/2025,IMPUESTO DEBITO -LEY 25413,-0.45,01-10,29454913.63 
01/10/2025,PAGOS A COMERCIOS VISA - L. 0000249939 - C. 00003907330,588043.04,01-10,30042956.67 
01/10/2025,IMPUESTO CREDITO -LEY 25413    1002 MEDIOS DE PAGO,-3528.26,01-10,30039428.41 
01/10/2025,RETENCION ARBA                 1002 MEDIOS DE PAGO,-14701.00,01-10,30024727.41 
01/10/2025,IMPUESTO DEBITO -LEY 25413     1002 MEDIOS DE PAGO,-88.21,01-10,30024639.20 
01/10/2025,PAGOS A COMERCIOS VISA - L. 0000250021 - C. 00003907330,234735.40,01-10,30259374.60 
01/10/2025,IMPUESTO CREDITO -LEY 25413    1002 MEDIOS DE PAGO,-1408.41,01-10,30257966.19 
01/10/2025,RETENCION ARBA                 1002 MEDIOS DE PAGO,-5868.30,01-10,30252097.89 
01/10/2025,IMPUESTO DEBITO -LEY 25413     1002 MEDIOS DE PAGO,-35.21,01-10,30252062.68 
01/10/2025,PAGOS A COMERCIOS MASTERCARD - L. 0000249985 - C. 00003907330,115883.75,01-10,30367946.43 
01/10/2025,IMPUESTO CREDITO -LEY 25413    1002 MEDIOS DE PAGO,-695.30,01-10,30367251.13 
01/10/2025,RETENCION ARBA                 1002 MEDIOS DE PAGO,-2897.00,01-10,30364354.13 
01/10/2025,IMPUESTO DEBITO -LEY 25413     1002 MEDIOS DE PAGO,-17.38,01-10,30364336.75 
01/10/2025,PAGOS A COMERCIOS MASTERCARD - L. 0000249913 - C. 00003907330,85824.80,01-10,30450161.55 
01/10/2025,IMPUESTO CREDITO -LEY 25413    1002 MEDIOS DE PAGO,-514.95,01-10,30449646.60 
01/10/2025,RETENCION ARBA                 1002 MEDIOS DE PAGO,-2145.60,01-10,30447501.00 
01/10/2025,IMPUESTO DEBITO -LEY 25413     1002 MEDIOS DE PAGO,-12.87,01-10,30447488.13 
01/10/2025,CARGO A COMERCIOS MASTERCARD - L. 0000249821 - C. 00003907330,-6002.00,01-10,30441486.13 
01/10/2025,CR.TRAN. 30624944255ETESORERIA GENERAL PCIA BS 00D00,1999851.40,01-10,32441337.53 
01/10/2025,IMPUESTO CREDITO -LEY 25413    2000 REGION Y CASA MATRIZ LA P,-11999.11,01-10,32429338.42 
01/10/2025,RETENCION ARBA                 2000 REGION Y CASA MATRIZ LA P,-49996.20,01-10,32379342.22 
01/10/2025,IMPUESTO DEBITO -LEY 25413     2000 REGION Y CASA MATRIZ LA P,-299.98,01-10,32379042.24 
01/10/2025,CR.DEBIN 01/10-S.067985 C:30657033770,5941.92,01-10,32384984.16 
01/10/2025,IMPUESTO CREDITO -LEY 25413,-35.65,01-10,32384948.51 
01/10/2025,RETENCION ARBA,-148.50,01-10,32384800.01 
01/10/2025,IMPUESTO DEBITO -LEY 25413,-0.89,01-10,32384799.12 
01/10/2025,CR.TRAN. 30715803891 RAPPI ARG SAS,76459.76,01-10,32461258.88 
01/10/2025,IMPUESTO CREDITO -LEY 25413    0814,-458.76,01-10,32460800.12 
01/10/2025,RETENCION ARBA                 0814,-1911.40,01-10,32458888.72 
01/10/2025,IMPUESTO DEBITO -LEY 25413     0814,-11.47,01-10,32458877.25 
01/10/2025,CR.DEBIN 01/10-S.252270 C:30657033770,36641.84,01-10,32495519.09 
01/10/2025,IMPUESTO CREDITO -LEY 25413,-219.85,01-10,32495299.24 
01/10/2025,RETENCION ARBA,-916.00,01-10,32494383.24 
01/10/2025,IMPUESTO DEBITO -LEY 25413,-5.50,01-10,32494377.74 
01/10/2025,CR.TRA. COL DE FARMACE 30550857061BCO. 014 REF.VAR 0000042099,2334430.00,01-10,34828807.74 
01/10/2025,IMPUESTO CREDITO -LEY 25413    5015 CALLE 12 (LA PLATA),-14006.58,01-10,34814801.16 
01/10/2025,RETENCION ARBA                 5015 CALLE 12 (LA PLATA),-58360.70,01-10,34756440.46 
01/10/2025,IMPUESTO DEBITO -LEY 25413     5015 CALLE 12 (LA PLATA),-350.16,01-10,34756090.30 
01/10/2025,FEDERACION PATR RE.212960263 ID.1300377828000000240925,-19515.03,01-10,34736575.27 
01/10/2025,IMPUESTO DEBITO -LEY 25413     1989 DEBITO DIRECTO Y AUTOMATI,-117.09,01-10,34736458.18 
01/10/2025,FEDERACION PATR RE.213057835 ID.1300406011000000210925,-26770.02,01-10,34709688.16 
01/10/2025,IMPUESTO DEBITO -LEY 25413     1989 DEBITO DIRECTO Y AUTOMATI,-160.62,01-10,34709527.54 
01/10/2025,FEDERACION PATR RE.213020888 ID.0803339648000000250825,-12554.00,01-10,34696973.54 
01/10/2025,IMPUESTO DEBITO -LEY 25413     1989 DEBITO DIRECTO Y AUTOMATI,-75.32,01-10,34696898.22 
01/10/2025,REVERSA RETENCION ARBA,49996.20,01-10,34746894.42 
01/10/2025,REV. IMP.DEBITO.-LEY 25413,299.98,01-10,34747194.40 
01/10/2025,COMISION DATANET,-38.22,01-10,34747156.18 
01/10/2025,IMPUESTO DEBITO -LEY 25413,-0.23,01-10,34747155.95 
01/10/2025,COMISION DATANET,-39.33,01-10,34747116.62 
01/10/2025,IMPUESTO DEBITO -LEY 25413,-0.24,01-10,34747116.38 
01/10/2025,COMISION DATANET,-49.17,01-10,34747067.21 
01/10/2025,IMPUESTO DEBITO -LEY 25413,-0.30,01-10,34747066.91 
01/10/2025,COMISION DATANET,-49.17,01-10,34747017.74 
01/10/2025,IMPUESTO DEBITO -LEY 25413,-0.30,01-10,34747017.44 
01/10/2025,COMISION DATANET,-999.92,01-10,34746017.52 
01/10/2025,IMPUESTO DEBITO -LEY 25413,-6.00,01-10,34746011.52 
----------------------------------------------------------------------------------------------------------- 
----------------------------------------------------------------------------------------------------------- 
Tot. Retención ARBA:	-2390345.60	 ITF - LEY25413(DEB): 	-627052.29
	 	 ITF - LEY25413(CRE): 	-573685.28
	 	 S/Desc.380/01 Y MOD: 	0.00
	 	 DESDE: 	01/09/2025
