5208 - PLAZA MATHEU	 	 Emitido el 05/03/2025 	 	 Frecuencia: MENSUAL
NADAL Y ZACCARO SA	 	CUIT	30657033770	 CBU: 0140191801520805008070
	 			   CUENTA CORRIENTE EN PESOS
	 			   2-CTA CTE PERSONA JURIDICA
	 			 50080/7
7 ESQ.63 1500
LA PLATA	 	 	 	 Cantidad de Titulares: 001
----------------------------------------------------------------------------------------------------------- 
----------------------------------------------------------------------------------------------------------- 
FECHA,CONCEPTO,IMPORTE,Fecha Valor,Saldo
31/01/2025,SALDO ANTERIOR,0,,92554748.51 
03/02/2025,PAGO CUOTA,COM,GASTOS PRESTAMO 1987 BIYCSA,-803611.51,03-02,91751137.00 
03/02/2025,IMPUESTO DEBITO -LEY 25413,-4821.67,03-02,91746315.33 
03/02/2025,CR.TRAN. 30574816870 AMERICAN EXPRESS,44638.25,03-02,91790953.58 
03/02/2025,IMPUESTO CREDITO -LEY 25413    0001,-267.83,03-02,91790685.75 
03/02/2025,RETENCION ARBA                 0001,-1115.90,03-02,91789569.85 
03/02/2025,IMPUESTO DEBITO -LEY 25413     0001,-6.70,03-02,91789563.15 
03/02/2025,CR.DEBIN 03/02-S.220335 C:30657033770,4753.54,03-02,91794316.69 
03/02/2025,IMPUESTO CREDITO -LEY 25413,-28.52,03-02,91794288.17 
03/02/2025,RETENCION ARBA,-118.80,03-02,91794169.37 
03/02/2025,IMPUESTO DEBITO -LEY 25413,-0.71,03-02,91794168.66 
03/02/2025,CR.DEBIN 03/02-S.951851 C:30657033770,13864.48,03-02,91808033.14 
03/02/2025,IMPUESTO CREDITO -LEY 25413,-83.19,03-02,91807949.95 
03/02/2025,RETENCION ARBA,-346.60,03-02,91807603.35 
03/02/2025,IMPUESTO DEBITO -LEY 25413,-2.08,03-02,91807601.27 
03/02/2025,CR.DEBIN 03/02-S.784427 C:30657033770,2871.93,03-02,91810473.20 
03/02/2025,IMPUESTO CREDITO -LEY 25413,-17.23,03-02,91810455.97 
03/02/2025,RETENCION ARBA,-71.70,03-02,91810384.27 
03/02/2025,IMPUESTO DEBITO -LEY 25413,-0.43,03-02,91810383.84 
03/02/2025,CR.DEBIN 03/02-S.956341 C:30657033770,8516.75,03-02,91818900.59 
03/02/2025,IMPUESTO CREDITO -LEY 25413,-51.10,03-02,91818849.49 
03/02/2025,RETENCION ARBA,-212.90,03-02,91818636.59 
03/02/2025,IMPUESTO DEBITO -LEY 25413,-1.28,03-02,91818635.31 
03/02/2025,CR.DEBIN 03/02-S.959614 C:30657033770,2376.77,03-02,91821012.08 
03/02/2025,IMPUESTO CREDITO -LEY 25413,-14.26,03-02,91820997.82 
03/02/2025,RETENCION ARBA,-59.40,03-02,91820938.42 
03/02/2025,IMPUESTO DEBITO -LEY 25413,-0.36,03-02,91820938.06 
03/02/2025,BIP DB TR 03/02-C.000219912109 DES:0014-03-520805107474,-3000000.00,03-02,88820938.06 
03/02/2025,IMPUESTO DEBITO -LEY 25413,-18000.00,03-02,88802938.06 
03/02/2025,COMISION TRANSFERENCIA/GIRO,-3350.00,03-02,88799588.06 
03/02/2025,CR.DEBIN 03/02-S.727473 C:30657033770,10101.26,03-02,88809689.32 
03/02/2025,IMPUESTO CREDITO -LEY 25413,-60.61,03-02,88809628.71 
03/02/2025,RETENCION ARBA,-252.50,03-02,88809376.21 
03/02/2025,IMPUESTO DEBITO -LEY 25413,-1.52,03-02,88809374.69 
03/02/2025,CR.DEBIN 03/02-S.748655 C:30657033770,17528.66,03-02,88826903.35 
03/02/2025,IMPUESTO CREDITO -LEY 25413,-105.17,03-02,88826798.18 
03/02/2025,RETENCION ARBA,-438.20,03-02,88826359.98 
03/02/2025,IMPUESTO DEBITO -LEY 25413,-2.63,03-02,88826357.35 
03/02/2025,FEDERACION PATR RE.208143314 ID.0432925410000000200125,-221395.70,03-02,88604961.65 
03/02/2025,IMPUESTO DEBITO -LEY 25413     1989 DEBITO DIRECTO Y AUTOMATI,-1328.37,03-02,88603633.28 
03/02/2025,FEDERACION PATR RE.208149738 ID.0803339648000000251224,-12554.00,03-02,88591079.28 
03/02/2025,IMPUESTO DEBITO -LEY 25413     1989 DEBITO DIRECTO Y AUTOMATI,-75.32,03-02,88591003.96 
04/02/2025,CR.TRAN. 30574816870 AMERICAN EXPRESS,30961.85,04-02,88621965.81 
04/02/2025,IMPUESTO CREDITO -LEY 25413    0001,-185.77,04-02,88621780.04 
04/02/2025,RETENCION ARBA                 0001,-774.00,04-02,88621006.04 
04/02/2025,IMPUESTO DEBITO -LEY 25413     0001,-4.64,04-02,88621001.40 
04/02/2025,CR.DEBIN 03/02-S.346764 C:30657033770,47832.46,04-02,88668833.86 
04/02/2025,CR.DEBIN 03/02-S.637550 C:30657033770,27520.99,04-02,88696354.85 
04/02/2025,CR.DEBIN 03/02-S.408398 C:30657033770,20499.62,04-02,88716854.47 
04/02/2025,CR.DEBIN 03/02-S.646275 C:30657033770,13129.66,04-02,88729984.13 
04/02/2025,CR.DEBIN 03/02-S.472076 C:30657033770,10893.52,04-02,88740877.65 
04/02/2025,CR.DEBIN 03/02-S.449485 C:30657033770,7922.56,04-02,88748800.21 
04/02/2025,CR.DEBIN 03/02-S.129453 C:30657033770,6635.14,04-02,88755435.35 
04/02/2025,CR.DEBIN 03/02-S.961223 C:30657033770,5347.73,04-02,88760783.08 
04/02/2025,PAGOS A COMERCIOS VISA - L. 0000221252 - C. 00003907330,170766.32,04-02,88931549.40 
04/02/2025,IMPUESTO CREDITO -LEY 25413    1002 MEDIOS DE PAGO,-1024.60,04-02,88930524.80 
04/02/2025,RETENCION ARBA                 1002 MEDIOS DE PAGO,-4269.10,04-02,88926255.70 
04/02/2025,IMPUESTO DEBITO -LEY 25413     1002 MEDIOS DE PAGO,-25.61,04-02,88926230.09 
04/02/2025,PAGOS A COMERCIOS VISA - L. 0000221148 - C. 00003907330,153504.62,04-02,89079734.71 
04/02/2025,IMPUESTO CREDITO -LEY 25413    1002 MEDIOS DE PAGO,-921.03,04-02,89078813.68 
04/02/2025,RETENCION ARBA                 1002 MEDIOS DE PAGO,-3837.60,04-02,89074976.08 
04/02/2025,IMPUESTO DEBITO -LEY 25413     1002 MEDIOS DE PAGO,-23.03,04-02,89074953.05 
04/02/2025,PAGOS A COMERCIOS MASTERCARD - L. 0000221099 - C. 00003907330,96061.68,04-02,89171014.73 
04/02/2025,IMPUESTO CREDITO -LEY 25413    1002 MEDIOS DE PAGO,-576.37,04-02,89170438.36 
04/02/2025,RETENCION ARBA                 1002 MEDIOS DE PAGO,-2401.50,04-02,89168036.86 
04/02/2025,IMPUESTO DEBITO -LEY 25413     1002 MEDIOS DE PAGO,-14.41,04-02,89168022.45 
04/02/2025,PAGOS A COMERCIOS MASTERCARD - L. 0000221203 - C. 00003907330,14863.87,04-02,89182886.32 
04/02/2025,IMPUESTO CREDITO -LEY 25413    1002 MEDIOS DE PAGO,-89.18,04-02,89182797.14 
04/02/2025,RETENCION ARBA                 1002 MEDIOS DE PAGO,-371.50,04-02,89182425.64 
04/02/2025,IMPUESTO DEBITO -LEY 25413     1002 MEDIOS DE PAGO,-2.23,04-02,89182423.41 
04/02/2025,CHEQUE DE CAMARA 005869870,-2690164.64,04-02,86492258.77 
04/02/2025,IMPUESTO DEBITO -LEY 25413     1950 COMPENSACION DE VALORES,-16140.99,04-02,86476117.78 
04/02/2025,CHEQUE DE CAMARA 008592124,-2145015.61,04-02,84331102.17 
04/02/2025,IMPUESTO DEBITO -LEY 25413     1950 COMPENSACION DE VALORES,-12870.09,04-02,84318232.08 
04/02/2025,CHEQUE DE CAMARA 009687284,-3500000.00,04-02,80818232.08 
04/02/2025,IMPUESTO DEBITO -LEY 25413     1950 COMPENSACION DE VALORES,-21000.00,04-02,80797232.08 
04/02/2025,CHEQUE DE CAMARA 009687288,-2730033.25,04-02,78067198.83 
04/02/2025,IMPUESTO DEBITO -LEY 25413     1950 COMPENSACION DE VALORES,-16380.20,04-02,78050818.63 
04/02/2025,CHEQUE DE CAMARA 009687291,-1105482.14,04-02,76945336.49 
04/02/2025,IMPUESTO DEBITO -LEY 25413     1950 COMPENSACION DE VALORES,-6632.89,04-02,76938703.60 
04/02/2025,CR.TRAN. 30624944255ETESORERIA GENERAL PCIA BS 00D00,2339105.06,04-02,79277808.66 
04/02/2025,IMPUESTO CREDITO -LEY 25413    2000 REGION Y CASA MATRIZ LA P,-14034.63,04-02,79263774.03 
04/02/2025,RETENCION ARBA                 2000 REGION Y CASA MATRIZ LA P,-58477.60,04-02,79205296.43 
04/02/2025,IMPUESTO DEBITO -LEY 25413     2000 REGION Y CASA MATRIZ LA P,-350.87,04-02,79204945.56 
04/02/2025,CR.TRAN. 30624944255ETESORERIA GENERAL PCIA BS 00D00,239890.50,04-02,79444836.06 
04/02/2025,IMPUESTO CREDITO -LEY 25413    2000 REGION Y CASA MATRIZ LA P,-1439.34,04-02,79443396.72 
04/02/2025,RETENCION ARBA                 2000 REGION Y CASA MATRIZ LA P,-5997.20,04-02,79437399.52 
04/02/2025,IMPUESTO DEBITO -LEY 25413     2000 REGION Y CASA MATRIZ LA P,-35.98,04-02,79437363.54 
04/02/2025,CR.TRAN. 30624944255ETESORERIA GENERAL PCIA BS 00D00,390970.34,04-02,79828333.88 
04/02/2025,IMPUESTO CREDITO -LEY 25413    2000 REGION Y CASA MATRIZ LA P,-2345.82,04-02,79825988.06 
04/02/2025,RETENCION ARBA                 2000 REGION Y CASA MATRIZ LA P,-9774.20,04-02,79816213.86 
04/02/2025,IMPUESTO DEBITO -LEY 25413     2000 REGION Y CASA MATRIZ LA P,-58.65,04-02,79816155.21 
04/02/2025,CR.DEBIN 04/02-S.103806 C:30657033770,1683.54,04-02,79817838.75 
04/02/2025,IMPUESTO CREDITO -LEY 25413,-10.10,04-02,79817828.65 
04/02/2025,RETENCION ARBA,-42.00,04-02,79817786.65 
04/02/2025,IMPUESTO DEBITO -LEY 25413,-0.25,04-02,79817786.40 
04/02/2025,CR.DEBIN 04/02-S.010776 C:30657033770,7922.56,04-02,79825708.96 
04/02/2025,IMPUESTO CREDITO -LEY 25413,-47.54,04-02,79825661.42 
04/02/2025,RETENCION ARBA,-198.00,04-02,79825463.42 
04/02/2025,IMPUESTO DEBITO -LEY 25413,-1.19,04-02,79825462.23 
04/02/2025,CR.DEBIN 04/02-S.118650 C:30657033770,9408.04,04-02,79834870.27 
04/02/2025,IMPUESTO CREDITO -LEY 25413,-56.45,04-02,79834813.82 
04/02/2025,RETENCION ARBA,-235.20,04-02,79834578.62 
04/02/2025,IMPUESTO DEBITO -LEY 25413,-1.41,04-02,79834577.21 
04/02/2025,CHEQUE DE CAMARA 009687300,-2000000.00,04-02,77834577.21 
04/02/2025,IMPUESTO DEBITO -LEY 25413     4200 REGION Y CASA MAR DEL PLA,-12000.00,04-02,77822577.21 
04/02/2025,CR.DEBIN 04/02-S.130007 C:30657033770,8417.72,04-02,77830994.93 
04/02/2025,IMPUESTO CREDITO -LEY 25413,-50.51,04-02,77830944.42 
04/02/2025,RETENCION ARBA,-210.40,04-02,77830734.02 
04/02/2025,IMPUESTO DEBITO -LEY 25413,-1.26,04-02,77830732.76 
04/02/2025,CR.DEBIN 04/02-S.131541 C:30657033770,1247.80,04-02,77831980.56 
04/02/2025,IMPUESTO CREDITO -LEY 25413,-7.49,04-02,77831973.07 
04/02/2025,RETENCION ARBA,-31.10,04-02,77831941.97 
04/02/2025,IMPUESTO DEBITO -LEY 25413,-0.19,04-02,77831941.78 
04/02/2025,CR.TRAN. 30624944255ETESORERIA GENERAL PCIA BS 00D00,2520400.86,04-02,80352342.64 
04/02/2025,IMPUESTO CREDITO -LEY 25413    2000 REGION Y CASA MATRIZ LA P,-15122.41,04-02,80337220.23 
04/02/2025,RETENCION ARBA                 2000 REGION Y CASA MATRIZ LA P,-63010.00,04-02,80274210.23 
04/02/2025,IMPUESTO DEBITO -LEY 25413     2000 REGION Y CASA MATRIZ LA P,-378.06,04-02,80273832.17 
04/02/2025,CR.TRAN. 30624944255ETESORERIA GENERAL PCIA BS 00D00,931708.97,04-02,81205541.14 
04/02/2025,IMPUESTO CREDITO -LEY 25413    2000 REGION Y CASA MATRIZ LA P,-5590.25,04-02,81199950.89 
04/02/2025,RETENCION ARBA                 2000 REGION Y CASA MATRIZ LA P,-23292.70,04-02,81176658.19 
04/02/2025,IMPUESTO DEBITO -LEY 25413     2000 REGION Y CASA MATRIZ LA P,-139.76,04-02,81176518.43 
04/02/2025,CR.TRAN. 30624944255ETESORERIA GENERAL PCIA BS 00D00,525431.40,04-02,81701949.83 
04/02/2025,IMPUESTO CREDITO -LEY 25413    2000 REGION Y CASA MATRIZ LA P,-3152.59,04-02,81698797.24 
04/02/2025,RETENCION ARBA                 2000 REGION Y CASA MATRIZ LA P,-13135.70,04-02,81685661.54 
04/02/2025,IMPUESTO DEBITO -LEY 25413     2000 REGION Y CASA MATRIZ LA P,-78.81,04-02,81685582.73 
04/02/2025,CR.TRAN. 30624944255ETESORERIA GENERAL PCIA BS 00D00,374844.58,04-02,82060427.31 
04/02/2025,IMPUESTO CREDITO -LEY 25413    2000 REGION Y CASA MATRIZ LA P,-2249.07,04-02,82058178.24 
04/02/2025,RETENCION ARBA                 2000 REGION Y CASA MATRIZ LA P,-9371.10,04-02,82048807.14 
04/02/2025,IMPUESTO DEBITO -LEY 25413     2000 REGION Y CASA MATRIZ LA P,-56.23,04-02,82048750.91 
04/02/2025,CR.DEBIN 04/02-S.059610 C:30657033770,8912.88,04-02,82057663.79 
04/02/2025,IMPUESTO CREDITO -LEY 25413,-53.48,04-02,82057610.31 
04/02/2025,RETENCION ARBA,-222.80,04-02,82057387.51 
04/02/2025,IMPUESTO DEBITO -LEY 25413,-1.34,04-02,82057386.17 
04/02/2025,CR.DEBIN 04/02-S.477012 C:30657033770,11883.84,04-02,82069270.01 
04/02/2025,IMPUESTO CREDITO -LEY 25413,-71.30,04-02,82069198.71 
04/02/2025,RETENCION ARBA,-297.00,04-02,82068901.71 
04/02/2025,IMPUESTO DEBITO -LEY 25413,-1.78,04-02,82068899.93 
04/02/2025,CR.DEBIN 04/02-S.173341 C:30657033770,7922.56,04-02,82076822.49 
04/02/2025,IMPUESTO CREDITO -LEY 25413,-47.54,04-02,82076774.95 
04/02/2025,RETENCION ARBA,-198.00,04-02,82076576.95 
04/02/2025,IMPUESTO DEBITO -LEY 25413,-1.19,04-02,82076575.76 
04/02/2025,CR.DEBIN 04/02-S.085526 C:30657033770,1386.45,04-02,82077962.21 
04/02/2025,IMPUESTO CREDITO -LEY 25413,-8.32,04-02,82077953.89 
04/02/2025,RETENCION ARBA,-34.60,04-02,82077919.29 
04/02/2025,IMPUESTO DEBITO -LEY 25413,-0.21,04-02,82077919.08 
04/02/2025,CR.DEBIN 04/02-S.095741 C:30657033770,5050.63,04-02,82082969.71 
04/02/2025,IMPUESTO CREDITO -LEY 25413,-30.30,04-02,82082939.41 
04/02/2025,RETENCION ARBA,-126.20,04-02,82082813.21 
04/02/2025,IMPUESTO DEBITO -LEY 25413,-0.76,04-02,82082812.45 
04/02/2025,CR.DEBIN 04/02-S.169193 C:30657033770,14131.87,04-02,82096944.32 
04/02/2025,IMPUESTO CREDITO -LEY 25413,-84.79,04-02,82096859.53 
04/02/2025,RETENCION ARBA,-353.20,04-02,82096506.33 
04/02/2025,IMPUESTO DEBITO -LEY 25413,-2.12,04-02,82096504.21 
04/02/2025,CR.DEBIN 04/02-S.203396 C:30657033770,5842.89,04-02,82102347.10 
04/02/2025,IMPUESTO CREDITO -LEY 25413,-35.06,04-02,82102312.04 
04/02/2025,RETENCION ARBA,-146.00,04-02,82102166.04 
04/02/2025,IMPUESTO DEBITO -LEY 25413,-0.88,04-02,82102165.16 
04/02/2025,MINISTERIO PUBLI 30707216669 BCO.014 REF.GEP20250010954,295553.40,04-02,82397718.56 
04/02/2025,IMPUESTO CREDITO -LEY 25413,-1773.31,04-02,82395945.25 
04/02/2025,RETENCION ARBA,-7388.70,04-02,82388556.55 
04/02/2025,IMPUESTO DEBITO -LEY 25413,-44.33,04-02,82388512.22 
04/02/2025,COMISION TRANSFERENCIA/GIRO    2000 REGION Y CASA MATRIZ LA P,-2.50,04-02,82388509.72 
04/02/2025,FEDERACION PATR RE.208220663 ID.0432034106000000010225,-244998.00,04-02,82143511.72 
04/02/2025,IMPUESTO DEBITO -LEY 25413     1989 DEBITO DIRECTO Y AUTOMATI,-1469.99,04-02,82142041.73 
04/02/2025,FEDERACION PATR RE.208277383 ID.0432965617000000030225,-203542.78,04-02,81938498.95 
04/02/2025,IMPUESTO DEBITO -LEY 25413     1989 DEBITO DIRECTO Y AUTOMATI,-1221.26,04-02,81937277.69 
04/02/2025,REVERSA RETENCION ARBA,63010.00,04-02,82000287.69 
04/02/2025,REVERSA RETENCION ARBA,58477.60,04-02,82058765.29 
04/02/2025,REVERSA RETENCION ARBA,23292.70,04-02,82082057.99 
04/02/2025,REVERSA RETENCION ARBA,13135.70,04-02,82095193.69 
04/02/2025,REVERSA RETENCION ARBA,9774.20,04-02,82104967.89 
04/02/2025,REVERSA RETENCION ARBA,9371.10,04-02,82114338.99 
04/02/2025,REVERSA RETENCION ARBA,5997.20,04-02,82120336.19 
04/02/2025,REV. IMP.DEBITO.-LEY 25413,378.06,04-02,82120714.25 
04/02/2025,REV. IMP.DEBITO.-LEY 25413,350.87,04-02,82121065.12 
04/02/2025,REV. IMP.DEBITO.-LEY 25413,139.76,04-02,82121204.88 
04/02/2025,REV. IMP.DEBITO.-LEY 25413,78.81,04-02,82121283.69 
04/02/2025,REV. IMP.DEBITO.-LEY 25413,58.65,04-02,82121342.34 
04/02/2025,REV. IMP.DEBITO.-LEY 25413,56.23,04-02,82121398.57 
04/02/2025,REV. IMP.DEBITO.-LEY 25413,35.98,04-02,82121434.55 
04/02/2025,COMISION DATANET,-15.48,04-02,82121419.07 
04/02/2025,IMPUESTO DEBITO -LEY 25413,-0.09,04-02,82121418.98 
04/02/2025,COMISION DATANET,-915.98,04-02,82120503.00 
04/02/2025,IMPUESTO DEBITO -LEY 25413,-5.50,04-02,82120497.50 
04/02/2025,COMISION DATANET,-1260.20,04-02,82119237.30 
04/02/2025,IMPUESTO DEBITO -LEY 25413,-7.56,04-02,82119229.74 
04/02/2025,COMISION DATANET,-1484.97,04-02,82117744.77 
04/02/2025,IMPUESTO DEBITO -LEY 25413,-8.91,04-02,82117735.86 
05/02/2025,CR.DEBIN 04/02-S.187033 C:30657033770,17825.76,05-02,82135561.62 
05/02/2025,CR.DEBIN 04/02-S.608188 C:30657033770,16439.31,05-02,82152000.93 
05/02/2025,CR.DEBIN 04/02-S.397710 C:30657033770,10101.26,05-02,82162102.19 
05/02/2025,CR.DEBIN 04/02-S.247341 C:30657033770,5991.44,05-02,82168093.63 
05/02/2025,CR.DEBIN 04/02-S.210990 C:30657033770,5545.79,05-02,82173639.42 
05/02/2025,CHEQUE DE CAMARA 009687296,-2370000.00,05-02,79803639.42 
05/02/2025,IMPUESTO DEBITO -LEY 25413     1950 COMPENSACION DE VALORES,-14220.00,05-02,79789419.42 
05/02/2025,CHEQUE DE CAMARA 009687315,-461893.30,05-02,79327526.12 
05/02/2025,IMPUESTO DEBITO -LEY 25413     1950 COMPENSACION DE VALORES,-2771.36,05-02,79324754.76 
05/02/2025,BIP DB TR 05/02-C.000413494219 DES:0014-03-520805156572,-1500000.00,05-02,77824754.76 
05/02/2025,IMPUESTO DEBITO -LEY 25413,-9000.00,05-02,77815754.76 
05/02/2025,COMISION TRANSFERENCIA/GIRO,-3350.00,05-02,77812404.76 
05/02/2025,BIP DB.TR.05/02-C.616276 D:20180698389 N:ZACCARO FABIAN,-1500000.00,05-02,76312404.76 
05/02/2025,IMPUESTO DEBITO -LEY 25413,-9000.00,05-02,76303404.76 
05/02/2025,COMISION TRANSFERENCIA/GIRO,-3350.00,05-02,76300054.76 
05/02/2025,BIP DB TR 05/02-C.000106301395 DES:0014-03-520805107474,-900000.00,05-02,75400054.76 
05/02/2025,IMPUESTO DEBITO -LEY 25413,-5400.00,05-02,75394654.76 
05/02/2025,COMISION TRANSFERENCIA/GIRO,-3350.00,05-02,75391304.76 
05/02/2025,PAGOS A COMERCIOS VISA - L. 0000221436 - C. 00003907330,485150.56,05-02,75876455.32 
05/02/2025,IMPUESTO CREDITO -LEY 25413    1002 MEDIOS DE PAGO,-2910.90,05-02,75873544.42 
05/02/2025,RETENCION ARBA                 1002 MEDIOS DE PAGO,-12128.70,05-02,75861415.72 
05/02/2025,IMPUESTO DEBITO -LEY 25413     1002 MEDIOS DE PAGO,-72.77,05-02,75861342.95 
05/02/2025,PAGOS A COMERCIOS VISA - L. 0000221349 - C. 00003907330,390028.43,05-02,76251371.38 
05/02/2025,IMPUESTO CREDITO -LEY 25413    1002 MEDIOS DE PAGO,-2340.17,05-02,76249031.21 
05/02/2025,RETENCION ARBA                 1002 MEDIOS DE PAGO,-9750.70,05-02,76239280.51 
05/02/2025,IMPUESTO DEBITO -LEY 25413     1002 MEDIOS DE PAGO,-58.50,05-02,76239222.01 
05/02/2025,PAGOS A COMERCIOS MASTERCARD - L. 0000221320 - C. 00003907330,105958.94,05-02,76345180.95 
05/02/2025,IMPUESTO CREDITO -LEY 25413    1002 MEDIOS DE PAGO,-635.75,05-02,76344545.20 
05/02/2025,RETENCION ARBA                 1002 MEDIOS DE PAGO,-2648.90,05-02,76341896.30 
05/02/2025,IMPUESTO DEBITO -LEY 25413     1002 MEDIOS DE PAGO,-15.89,05-02,76341880.41 
05/02/2025,PAGOS A COMERCIOS MASTERCARD - L. 0000221398 - C. 00003907330,66494.02,05-02,76408374.43 
05/02/2025,IMPUESTO CREDITO -LEY 25413    1002 MEDIOS DE PAGO,-398.96,05-02,76407975.47 
05/02/2025,RETENCION ARBA                 1002 MEDIOS DE PAGO,-1662.30,05-02,76406313.17 
05/02/2025,IMPUESTO DEBITO -LEY 25413     1002 MEDIOS DE PAGO,-9.97,05-02,76406303.20 
05/02/2025,CR.TRAN. 30715803891 RAPPI ARG SAS,63785.29,05-02,76470088.49 
05/02/2025,IMPUESTO CREDITO -LEY 25413    0814,-382.71,05-02,76469705.78 
05/02/2025,RETENCION ARBA                 0814,-1594.60,05-02,76468111.18 
05/02/2025,IMPUESTO DEBITO -LEY 25413     0814,-9.57,05-02,76468101.61 
05/02/2025,CHEQUE POR VENTANILLA 009687378,-22000000.00,05-02,54468101.61 
05/02/2025,IMPUESTO DEBITO -LEY 25413,-132000.00,05-02,54336101.61 
05/02/2025,CDNI 05/02-C.790071 D:27222720627 N:FLORES, ROSA ELIZABE,16000.00,05-02,54352101.61 
05/02/2025,IMPUESTO CREDITO -LEY 25413,-96.00,05-02,54352005.61 
05/02/2025,RETENCION ARBA,-400.00,05-02,54351605.61 
05/02/2025,IMPUESTO DEBITO -LEY 25413,-2.40,05-02,54351603.21 
05/02/2025,CR.DEBIN 05/02-S.582476 C:30657033770,8318.69,05-02,54359921.90 
05/02/2025,IMPUESTO CREDITO -LEY 25413,-49.91,05-02,54359871.99 
05/02/2025,RETENCION ARBA,-207.90,05-02,54359664.09 
05/02/2025,IMPUESTO DEBITO -LEY 25413,-1.25,05-02,54359662.84 
05/02/2025,CR.DEBIN 05/02-S.586491 C:30657033770,26471.25,05-02,54386134.09 
05/02/2025,IMPUESTO CREDITO -LEY 25413,-158.83,05-02,54385975.26 
05/02/2025,RETENCION ARBA,-661.70,05-02,54385313.56 
05/02/2025,IMPUESTO DEBITO -LEY 25413,-3.97,05-02,54385309.59 
05/02/2025,CR.DEBIN 05/02-S.230248 C:30657033770,7922.56,05-02,54393232.15 
05/02/2025,IMPUESTO CREDITO -LEY 25413,-47.54,05-02,54393184.61 
05/02/2025,RETENCION ARBA,-198.00,05-02,54392986.61 
05/02/2025,IMPUESTO DEBITO -LEY 25413,-1.19,05-02,54392985.42 
05/02/2025,CR.DEBIN 05/02-S.480704 C:30657033770,31393.14,05-02,54424378.56 
05/02/2025,IMPUESTO CREDITO -LEY 25413,-188.36,05-02,54424190.20 
05/02/2025,RETENCION ARBA,-784.80,05-02,54423405.40 
05/02/2025,IMPUESTO DEBITO -LEY 25413,-4.71,05-02,54423400.69 
05/02/2025,CR.DEBIN 05/02-S.516574 C:30657033770,11242.11,05-02,54434642.80 
05/02/2025,IMPUESTO CREDITO -LEY 25413,-67.45,05-02,54434575.35 
05/02/2025,RETENCION ARBA,-281.00,05-02,54434294.35 
05/02/2025,IMPUESTO DEBITO -LEY 25413,-1.69,05-02,54434292.66 
05/02/2025,CR.DEBIN 05/02-S.499225 C:30657033770,40078.25,05-02,54474370.91 
05/02/2025,IMPUESTO CREDITO -LEY 25413,-240.47,05-02,54474130.44 
05/02/2025,RETENCION ARBA,-1001.90,05-02,54473128.54 
05/02/2025,IMPUESTO DEBITO -LEY 25413,-6.01,05-02,54473122.53 
05/02/2025,CR.DEBIN 05/02-S.742732 C:30657033770,4159.34,05-02,54477281.87 
05/02/2025,IMPUESTO CREDITO -LEY 25413,-24.96,05-02,54477256.91 
05/02/2025,RETENCION ARBA,-103.90,05-02,54477153.01 
05/02/2025,IMPUESTO DEBITO -LEY 25413,-0.62,05-02,54477152.39 
05/02/2025,CR.DEBIN 05/02-S.745622 C:30657033770,23371.55,05-02,54500523.94 
05/02/2025,IMPUESTO CREDITO -LEY 25413,-140.23,05-02,54500383.71 
05/02/2025,RETENCION ARBA,-584.20,05-02,54499799.51 
05/02/2025,IMPUESTO DEBITO -LEY 25413,-3.51,05-02,54499796.00 
05/02/2025,CR.DEBIN 05/02-S.605514 C:30657033770,5545.79,05-02,54505341.79 
05/02/2025,IMPUESTO CREDITO -LEY 25413,-33.27,05-02,54505308.52 
05/02/2025,RETENCION ARBA,-138.60,05-02,54505169.92 
05/02/2025,IMPUESTO DEBITO -LEY 25413,-0.83,05-02,54505169.09 
05/02/2025,CR.DEBIN 05/02-S.543587 C:30657033770,14557.70,05-02,54519726.79 
05/02/2025,IMPUESTO CREDITO -LEY 25413,-87.35,05-02,54519639.44 
05/02/2025,RETENCION ARBA,-363.90,05-02,54519275.54 
05/02/2025,IMPUESTO DEBITO -LEY 25413,-2.18,05-02,54519273.36 
05/02/2025,CR.DEBIN 05/02-S.964638 C:30657033770,46941.17,05-02,54566214.53 
05/02/2025,IMPUESTO CREDITO -LEY 25413,-281.65,05-02,54565932.88 
05/02/2025,RETENCION ARBA,-1173.50,05-02,54564759.38 
05/02/2025,IMPUESTO DEBITO -LEY 25413,-7.04,05-02,54564752.34 
05/02/2025,CR.DEBIN 05/02-S.547188 C:30657033770,8417.72,05-02,54573170.06 
05/02/2025,IMPUESTO CREDITO -LEY 25413,-50.51,05-02,54573119.55 
05/02/2025,RETENCION ARBA,-210.40,05-02,54572909.15 
05/02/2025,IMPUESTO DEBITO -LEY 25413,-1.26,05-02,54572907.89 
05/02/2025,CR.DEBIN 05/02-S.660375 C:30657033770,20499.62,05-02,54593407.51 
05/02/2025,IMPUESTO CREDITO -LEY 25413,-123.00,05-02,54593284.51 
05/02/2025,RETENCION ARBA,-512.40,05-02,54592772.11 
05/02/2025,IMPUESTO DEBITO -LEY 25413,-3.07,05-02,54592769.04 
05/02/2025,DEB LOTE HABERES,-9595173.68,05-02,44997595.36 
05/02/2025,IMPUESTO DEBITO -LEY 25413                           20 001471,-57571.04,05-02,44940024.32 
06/02/2025,CR.DEBIN 05/02-S.835931 C:30657033770,20895.75,06-02,44960920.07 
06/02/2025,CR.DEBIN 05/02-S.053901 C:30657033770,11388.68,06-02,44972308.75 
06/02/2025,CR.DEBIN 05/02-S.038948 C:30657033770,9804.17,06-02,44982112.92 
06/02/2025,CR.DEBIN 05/02-S.359274 C:30657033770,7922.56,06-02,44990035.48 
06/02/2025,CR.DEBIN 05/02-S.422363 C:30657033770,5941.92,06-02,44995977.40 
06/02/2025,CR.DEBIN 05/02-S.811908 C:30657033770,4456.44,06-02,45000433.84 
06/02/2025,CR.DEBIN 05/02-S.300801 C:30657033770,3367.09,06-02,45003800.93 
06/02/2025,PAGOS A COMERCIOS VISA - L. 0000221537 - C. 00003907330,407385.07,06-02,45411186.00 
06/02/2025,IMPUESTO CREDITO -LEY 25413    1002 MEDIOS DE PAGO,-2444.31,06-02,45408741.69 
06/02/2025,RETENCION ARBA                 1002 MEDIOS DE PAGO,-10184.60,06-02,45398557.09 
06/02/2025,IMPUESTO DEBITO -LEY 25413     1002 MEDIOS DE PAGO,-61.11,06-02,45398495.98 
06/02/2025,PAGOS A COMERCIOS CABAL - L. 0000845983 - C. 88603907330,291897.42,06-02,45690393.40 
06/02/2025,IMPUESTO CREDITO -LEY 25413    1002 MEDIOS DE PAGO,-1751.38,06-02,45688642.02 
06/02/2025,RETENCION ARBA                 1002 MEDIOS DE PAGO,-7297.40,06-02,45681344.62 
06/02/2025,IMPUESTO DEBITO -LEY 25413     1002 MEDIOS DE PAGO,-43.78,06-02,45681300.84 
06/02/2025,PAGOS A COMERCIOS VISA - L. 0000221621 - C. 00003907330,99389.20,06-02,45780690.04 
06/02/2025,IMPUESTO CREDITO -LEY 25413    1002 MEDIOS DE PAGO,-596.34,06-02,45780093.70 
06/02/2025,RETENCION ARBA                 1002 MEDIOS DE PAGO,-2484.70,06-02,45777609.00 
06/02/2025,IMPUESTO DEBITO -LEY 25413     1002 MEDIOS DE PAGO,-14.91,06-02,45777594.09 
06/02/2025,PAGOS A COMERCIOS MASTERCARD - L. 0000221583 - C. 00003907330,53776.72,06-02,45831370.81 
06/02/2025,IMPUESTO CREDITO -LEY 25413    1002 MEDIOS DE PAGO,-322.66,06-02,45831048.15 
06/02/2025,RETENCION ARBA                 1002 MEDIOS DE PAGO,-1344.40,06-02,45829703.75 
06/02/2025,IMPUESTO DEBITO -LEY 25413     1002 MEDIOS DE PAGO,-8.07,06-02,45829695.68 
06/02/2025,PAGOS A COMERCIOS MASTERCARD - L. 0000221504 - C. 00003907330,38424.67,06-02,45868120.35 
06/02/2025,IMPUESTO CREDITO -LEY 25413    1002 MEDIOS DE PAGO,-230.55,06-02,45867889.80 
06/02/2025,RETENCION ARBA                 1002 MEDIOS DE PAGO,-960.60,06-02,45866929.20 
06/02/2025,IMPUESTO DEBITO -LEY 25413     1002 MEDIOS DE PAGO,-5.76,06-02,45866923.44 
06/02/2025,CARGO A COMERCIOS MASTERCARD - L. 0000221404 - C. 00003907330,-4083.38,06-02,45862840.06 
06/02/2025,CRED.TRF.06/02-C.711677 D:30520912963 N:TAIUTI CONSTRUC,1964556.00,06-02,47827396.06 
06/02/2025,IMPUESTO CREDITO -LEY 25413,-11787.34,06-02,47815608.72 
06/02/2025,RETENCION ARBA,-49113.90,06-02,47766494.82 
06/02/2025,IMPUESTO DEBITO -LEY 25413,-294.68,06-02,47766200.14 
06/02/2025,CRED.TRF.06/02-C.711866 D:30520912963 N:TAIUTI CONSTRUC,1328844.00,06-02,49095044.14 
06/02/2025,IMPUESTO CREDITO -LEY 25413,-7973.06,06-02,49087071.08 
06/02/2025,RETENCION ARBA,-33221.10,06-02,49053849.98 
06/02/2025,IMPUESTO DEBITO -LEY 25413,-199.33,06-02,49053650.65 
06/02/2025,CR.TRAN. 30624944255ETESORERIA GENERAL PCIA BS 00D00,308040.33,06-02,49361690.98 
06/02/2025,IMPUESTO CREDITO -LEY 25413    2000 REGION Y CASA MATRIZ LA P,-1848.24,06-02,49359842.74 
06/02/2025,RETENCION ARBA                 2000 REGION Y CASA MATRIZ LA P,-7701.00,06-02,49352141.74 
06/02/2025,IMPUESTO DEBITO -LEY 25413     2000 REGION Y CASA MATRIZ LA P,-46.21,06-02,49352095.53 
06/02/2025,CR.TRAN. 30624944255ETESORERIA GENERAL PCIA BS 00D00,329712.00,06-02,49681807.53 
06/02/2025,IMPUESTO CREDITO -LEY 25413    2000 REGION Y CASA MATRIZ LA P,-1978.27,06-02,49679829.26 
06/02/2025,RETENCION ARBA                 2000 REGION Y CASA MATRIZ LA P,-8242.80,06-02,49671586.46 
06/02/2025,IMPUESTO DEBITO -LEY 25413     2000 REGION Y CASA MATRIZ LA P,-49.46,06-02,49671537.00 
06/02/2025,CR.TRAN. 30624944255ETESORERIA GENERAL PCIA BS 00D00,355983.43,06-02,50027520.43 
06/02/2025,IMPUESTO CREDITO -LEY 25413    2000 REGION Y CASA MATRIZ LA P,-2135.90,06-02,50025384.53 
06/02/2025,RETENCION ARBA                 2000 REGION Y CASA MATRIZ LA P,-8899.50,06-02,50016485.03 
06/02/2025,IMPUESTO DEBITO -LEY 25413     2000 REGION Y CASA MATRIZ LA P,-53.40,06-02,50016431.63 
06/02/2025,CR.DEBIN 06/02-S.197037 C:30657033770,3416.60,06-02,50019848.23 
06/02/2025,IMPUESTO CREDITO -LEY 25413,-20.50,06-02,50019827.73 
06/02/2025,RETENCION ARBA,-85.40,06-02,50019742.33 
06/02/2025,IMPUESTO DEBITO -LEY 25413,-0.51,06-02,50019741.82 
06/02/2025,CR.DEBIN 06/02-S.105829 C:30657033770,17726.73,06-02,50037468.55 
06/02/2025,IMPUESTO CREDITO -LEY 25413,-106.36,06-02,50037362.19 
06/02/2025,RETENCION ARBA,-443.10,06-02,50036919.09 
06/02/2025,IMPUESTO DEBITO -LEY 25413,-2.66,06-02,50036916.43 
06/02/2025,CR.DEBIN 06/02-S.776875 C:30657033770,22777.36,06-02,50059693.79 
06/02/2025,IMPUESTO CREDITO -LEY 25413,-136.66,06-02,50059557.13 
06/02/2025,RETENCION ARBA,-569.40,06-02,50058987.73 
06/02/2025,IMPUESTO DEBITO -LEY 25413,-3.42,06-02,50058984.31 
06/02/2025,CR.DEBIN 06/02-S.472391 C:30657033770,7031.27,06-02,50066015.58 
06/02/2025,IMPUESTO CREDITO -LEY 25413,-42.19,06-02,50065973.39 
06/02/2025,RETENCION ARBA,-175.70,06-02,50065797.69 
06/02/2025,IMPUESTO DEBITO -LEY 25413,-1.05,06-02,50065796.64 
06/02/2025,P.SERV 06/02-COM.033892 -ENTE950 -30657033770,-4588515.99,06-02,45477280.65 
06/02/2025,IMPUESTO DEBITO -LEY 25413,-27531.10,06-02,45449749.55 
06/02/2025,CR.DEBIN 06/02-S.084080 C:30657033770,8912.88,06-02,45458662.43 
06/02/2025,IMPUESTO CREDITO -LEY 25413,-53.48,06-02,45458608.95 
06/02/2025,RETENCION ARBA,-222.80,06-02,45458386.15 
06/02/2025,IMPUESTO DEBITO -LEY 25413,-1.34,06-02,45458384.81 
06/02/2025,H.T.C. 30665708825 BCO.014 REF.00000000000027,4651343.40,06-02,50109728.21 
06/02/2025,IMPUESTO CREDITO -LEY 25413,-27908.03,06-02,50081820.18 
06/02/2025,RETENCION ARBA,-116283.40,06-02,49965536.78 
06/02/2025,IMPUESTO DEBITO -LEY 25413,-697.70,06-02,49964839.08 
06/02/2025,COMISION TRANSFERENCIA/GIRO    2000 REGION Y CASA MATRIZ LA P,-5.00,06-02,49964834.08 
06/02/2025,REVERSA RETENCION ARBA,8899.50,06-02,49973733.58 
06/02/2025,REVERSA RETENCION ARBA,8242.80,06-02,49981976.38 
06/02/2025,REVERSA RETENCION ARBA,7701.00,06-02,49989677.38 
06/02/2025,REV. IMP.DEBITO.-LEY 25413,53.40,06-02,49989730.78 
06/02/2025,REV. IMP.DEBITO.-LEY 25413,49.46,06-02,49989780.24 
06/02/2025,REV. IMP.DEBITO.-LEY 25413,46.21,06-02,49989826.45 
06/02/2025,COMISION DATANET,-496.86,06-02,49989329.59 
06/02/2025,IMPUESTO DEBITO -LEY 25413,-2.98,06-02,49989326.61 
07/02/2025,CR.DEBIN 06/02-S.398524 C:30657033770,35651.52,07-02,50024978.13 
07/02/2025,CR.DEBIN 06/02-S.526502 C:30657033770,27877.51,07-02,50052855.64 
07/02/2025,CR.DEBIN 06/02-S.102690 C:30657033770,9011.91,07-02,50061867.55 
07/02/2025,CR.DEBIN 06/02-S.811997 C:30657033770,5050.63,07-02,50066918.18 
07/02/2025,CR.DEBIN 06/02-S.218056 C:30657033770,5050.63,07-02,50071968.81 
07/02/2025,CR.DEBIN 06/02-S.208356 C:30657033770,3367.09,07-02,50075335.90 
07/02/2025,CR.DEBIN 06/02-S.183349 C:30657033770,1683.54,07-02,50077019.44 
07/02/2025,PAGOS A COMERCIOS VISA - L. 0000221720 - C. 00003907330,509648.31,07-02,50586667.75 
07/02/2025,IMPUESTO CREDITO -LEY 25413    1002 MEDIOS DE PAGO,-3057.89,07-02,50583609.86 
07/02/2025,RETENCION ARBA                 1002 MEDIOS DE PAGO,-12741.20,07-02,50570868.66 
07/02/2025,IMPUESTO DEBITO -LEY 25413     1002 MEDIOS DE PAGO,-76.45,07-02,50570792.21 
07/02/2025,PAGOS A COMERCIOS VISA - L. 0000221811 - C. 00003907330,106948.06,07-02,50677740.27 
07/02/2025,IMPUESTO CREDITO -LEY 25413    1002 MEDIOS DE PAGO,-641.69,07-02,50677098.58 
07/02/2025,RETENCION ARBA                 1002 MEDIOS DE PAGO,-2673.70,07-02,50674424.88 
07/02/2025,IMPUESTO DEBITO -LEY 25413     1002 MEDIOS DE PAGO,-16.04,07-02,50674408.84 
07/02/2025,PAGOS A COMERCIOS MASTERCARD - L. 0000221689 - C. 00003907330,57345.91,07-02,50731754.75 
07/02/2025,IMPUESTO CREDITO -LEY 25413    1002 MEDIOS DE PAGO,-344.08,07-02,50731410.67 
07/02/2025,RETENCION ARBA                 1002 MEDIOS DE PAGO,-1433.60,07-02,50729977.07 
07/02/2025,IMPUESTO DEBITO -LEY 25413     1002 MEDIOS DE PAGO,-8.60,07-02,50729968.47 
07/02/2025,PAGOS A COMERCIOS MASTERCARD - L. 0000221771 - C. 00003907330,30847.68,07-02,50760816.15 
07/02/2025,IMPUESTO CREDITO -LEY 25413    1002 MEDIOS DE PAGO,-185.09,07-02,50760631.06 
07/02/2025,RETENCION ARBA                 1002 MEDIOS DE PAGO,-771.10,07-02,50759859.96 
07/02/2025,IMPUESTO DEBITO -LEY 25413     1002 MEDIOS DE PAGO,-4.63,07-02,50759855.33 
07/02/2025,CARGO A COMERCIOS MASTERCARD - L. 0000221594 - C. 00003907330,-2855.46,07-02,50756999.87 
07/02/2025,CR.DEBIN 07/02-S.121329 C:30657033770,6635.14,07-02,50763635.01 
07/02/2025,IMPUESTO CREDITO -LEY 25413,-39.81,07-02,50763595.20 
07/02/2025,RETENCION ARBA,-165.80,07-02,50763429.40 
07/02/2025,IMPUESTO DEBITO -LEY 25413,-0.99,07-02,50763428.41 
07/02/2025,CR.DEBIN 07/02-S.937659 C:30657033770,12874.16,07-02,50776302.57 
07/02/2025,IMPUESTO CREDITO -LEY 25413,-77.24,07-02,50776225.33 
07/02/2025,RETENCION ARBA,-321.80,07-02,50775903.53 
07/02/2025,IMPUESTO DEBITO -LEY 25413,-1.93,07-02,50775901.60 
07/02/2025,CR.DEBIN 07/02-S.819566 C:30657033770,58725.98,07-02,50834627.58 
07/02/2025,IMPUESTO CREDITO -LEY 25413,-352.36,07-02,50834275.22 
07/02/2025,RETENCION ARBA,-1468.10,07-02,50832807.12 
07/02/2025,IMPUESTO DEBITO -LEY 25413,-8.81,07-02,50832798.31 
07/02/2025,CR.DEBIN 07/02-S.008747 C:30657033770,8912.88,07-02,50841711.19 
07/02/2025,IMPUESTO CREDITO -LEY 25413,-53.48,07-02,50841657.71 
07/02/2025,RETENCION ARBA,-222.80,07-02,50841434.91 
07/02/2025,IMPUESTO DEBITO -LEY 25413,-1.34,07-02,50841433.57 
07/02/2025,CR.DEBIN 07/02-S.697055 C:30657033770,13666.42,07-02,50855099.99 
07/02/2025,IMPUESTO CREDITO -LEY 25413,-82.00,07-02,50855017.99 
07/02/2025,RETENCION ARBA,-341.60,07-02,50854676.39 
07/02/2025,IMPUESTO DEBITO -LEY 25413,-2.05,07-02,50854674.34 
07/02/2025,CR.DEBIN 07/02-S.703325 C:30657033770,14131.87,07-02,50868806.21 
07/02/2025,IMPUESTO CREDITO -LEY 25413,-84.79,07-02,50868721.42 
07/02/2025,RETENCION ARBA,-353.20,07-02,50868368.22 
07/02/2025,IMPUESTO DEBITO -LEY 25413,-2.12,07-02,50868366.10 
07/02/2025,DEB LOTE HABERES,-1003441.00,07-02,49864925.10 
07/02/2025,IMPUESTO DEBITO -LEY 25413                           20 001461,-6020.65,07-02,49858904.45 
07/02/2025,PAGO CUOTA,COM,GASTOS PRESTAMO 1987 BIYCSA,-697448.95,07-02,49161455.50 
07/02/2025,IMPUESTO DEBITO -LEY 25413,-4184.69,07-02,49157270.81 
10/02/2025,CR.DEBIN 07/02-S.134485 C:30657033770,12676.10,10-02,49169946.91 
10/02/2025,CR.DEBIN 07/02-S.135959 C:30657033770,8912.88,10-02,49178859.79 
10/02/2025,CR.DEBIN 07/02-S.142045 C:30657033770,7922.56,10-02,49186782.35 
10/02/2025,CR.DEBIN 07/02-S.361580 C:30657033770,4753.54,10-02,49191535.89 
10/02/2025,CR.DEBIN 07/02-S.745595 C:30657033770,4456.44,10-02,49195992.33 
10/02/2025,CHEQUE DE CAMARA 009687310,-2878480.48,10-02,46317511.85 
10/02/2025,IMPUESTO DEBITO -LEY 25413     1950 COMPENSACION DE VALORES,-17270.88,10-02,46300240.97 
10/02/2025,CR.DEBIN 08/02-S.176296 C:30657033770,10695.46,10-02,46310936.43 
10/02/2025,IMPUESTO CREDITO -LEY 25413,-64.17,10-02,46310872.26 
10/02/2025,RETENCION ARBA,-267.30,10-02,46310604.96 
10/02/2025,IMPUESTO DEBITO -LEY 25413,-1.60,10-02,46310603.36 
10/02/2025,CR.DEBIN 08/02-S.679587 C:30657033770,9507.07,10-02,46320110.43 
10/02/2025,IMPUESTO CREDITO -LEY 25413,-57.04,10-02,46320053.39 
10/02/2025,RETENCION ARBA,-237.60,10-02,46319815.79 
10/02/2025,IMPUESTO DEBITO -LEY 25413,-1.43,10-02,46319814.36 
10/02/2025,CR.DEBIN 08/02-S.381592 C:30657033770,3961.28,10-02,46323775.64 
10/02/2025,IMPUESTO CREDITO -LEY 25413,-23.77,10-02,46323751.87 
10/02/2025,RETENCION ARBA,-99.00,10-02,46323652.87 
10/02/2025,IMPUESTO DEBITO -LEY 25413,-0.59,10-02,46323652.28 
10/02/2025,CR.DEBIN 08/02-S.069127 C:30657033770,19687.56,10-02,46343339.84 
10/02/2025,IMPUESTO CREDITO -LEY 25413,-118.13,10-02,46343221.71 
10/02/2025,RETENCION ARBA,-492.10,10-02,46342729.61 
10/02/2025,IMPUESTO DEBITO -LEY 25413,-2.95,10-02,46342726.66 
10/02/2025,CR.DEBIN 08/02-S.691804 C:30657033770,4753.54,10-02,46347480.20 
10/02/2025,IMPUESTO CREDITO -LEY 25413,-28.52,10-02,46347451.68 
10/02/2025,RETENCION ARBA,-118.80,10-02,46347332.88 
10/02/2025,IMPUESTO DEBITO -LEY 25413,-0.71,10-02,46347332.17 
10/02/2025,CR.DEBIN 08/02-S.157765 C:30657033770,8912.88,10-02,46356245.05 
10/02/2025,IMPUESTO CREDITO -LEY 25413,-53.48,10-02,46356191.57 
10/02/2025,RETENCION ARBA,-222.80,10-02,46355968.77 
10/02/2025,IMPUESTO DEBITO -LEY 25413,-1.34,10-02,46355967.43 
10/02/2025,CR.DEBIN 08/02-S.063583 C:30657033770,3961.28,10-02,46359928.71 
10/02/2025,IMPUESTO CREDITO -LEY 25413,-23.77,10-02,46359904.94 
10/02/2025,RETENCION ARBA,-99.00,10-02,46359805.94 
10/02/2025,IMPUESTO DEBITO -LEY 25413,-0.59,10-02,46359805.35 
10/02/2025,CR.DEBIN 08/02-S.185664 C:30657033770,16340.28,10-02,46376145.63 
10/02/2025,IMPUESTO CREDITO -LEY 25413,-98.04,10-02,46376047.59 
10/02/2025,RETENCION ARBA,-408.50,10-02,46375639.09 
10/02/2025,IMPUESTO DEBITO -LEY 25413,-2.45,10-02,46375636.64 
10/02/2025,CR.DEBIN 08/02-S.358368 C:30657033770,13270.29,10-02,46388906.93 
10/02/2025,IMPUESTO CREDITO -LEY 25413,-79.62,10-02,46388827.31 
10/02/2025,RETENCION ARBA,-331.70,10-02,46388495.61 
10/02/2025,IMPUESTO DEBITO -LEY 25413,-1.99,10-02,46388493.62 
10/02/2025,PAGOS A COMERCIOS VISA - L. 0000221910 - C. 00003907330,568038.55,10-02,46956532.17 
10/02/2025,IMPUESTO CREDITO -LEY 25413    1002 MEDIOS DE PAGO,-3408.23,10-02,46953123.94 
10/02/2025,RETENCION ARBA                 1002 MEDIOS DE PAGO,-14200.90,10-02,46938923.04 
10/02/2025,IMPUESTO DEBITO -LEY 25413     1002 MEDIOS DE PAGO,-85.21,10-02,46938837.83 
10/02/2025,PAGOS A COMERCIOS MASTERCARD - L. 0000221874 - C. 00003907330,37939.51,10-02,46976777.34 
10/02/2025,IMPUESTO CREDITO -LEY 25413    1002 MEDIOS DE PAGO,-227.64,10-02,46976549.70 
10/02/2025,RETENCION ARBA                 1002 MEDIOS DE PAGO,-948.40,10-02,46975601.30 
10/02/2025,IMPUESTO DEBITO -LEY 25413     1002 MEDIOS DE PAGO,-5.69,10-02,46975595.61 
10/02/2025,CARGO A COMERCIOS MASTERCARD - L. 0000221784 - C. 00003907330,-6390.82,10-02,46969204.79 
10/02/2025,CR.TRAN. 30624944255ETESORERIA GENERAL PCIA BS 00D00,3380745.45,10-02,50349950.24 
10/02/2025,IMPUESTO CREDITO -LEY 25413    2000 REGION Y CASA MATRIZ LA P,-20284.47,10-02,50329665.77 
10/02/2025,RETENCION ARBA                 2000 REGION Y CASA MATRIZ LA P,-84518.60,10-02,50245147.17 
10/02/2025,IMPUESTO DEBITO -LEY 25413     2000 REGION Y CASA MATRIZ LA P,-507.11,10-02,50244640.06 
10/02/2025,CR.TRAN. 30624944255ETESORERIA GENERAL PCIA BS 00D00,6919209.51,10-02,57163849.57 
10/02/2025,IMPUESTO CREDITO -LEY 25413    2000 REGION Y CASA MATRIZ LA P,-41515.26,10-02,57122334.31 
10/02/2025,RETENCION ARBA                 2000 REGION Y CASA MATRIZ LA P,-172980.20,10-02,56949354.11 
10/02/2025,IMPUESTO DEBITO -LEY 25413     2000 REGION Y CASA MATRIZ LA P,-1037.88,10-02,56948316.23 
10/02/2025,PAGO LIQUIDACION VISA          1002 MEDIOS DE PAGO,-1662251.10,10-02,55286065.13 
10/02/2025,IMPUESTO DEBITO -LEY 25413     1002 MEDIOS DE PAGO,-9973.51,10-02,55276091.62 
10/02/2025,REVERSA RETENCION ARBA,172980.20,10-02,55449071.82 
10/02/2025,REVERSA RETENCION ARBA,84518.60,10-02,55533590.42 
10/02/2025,REV. IMP.DEBITO.-LEY 25413,1037.88,10-02,55534628.30 
10/02/2025,REV. IMP.DEBITO.-LEY 25413,507.11,10-02,55535135.41 
10/02/2025,COMISION MENSUAL TRANSFER. DESDE 01-01-2025 HASTA 31-01-2025,-38.00,10-02,55535097.41 
10/02/2025,IMPUESTO DEBITO -LEY 25413,-0.23,10-02,55535097.18 
10/02/2025,COMISION DATANET,-1690.37,10-02,55533406.81 
10/02/2025,IMPUESTO DEBITO -LEY 25413,-10.14,10-02,55533396.67 
10/02/2025,COMISION DATANET,-3459.60,10-02,55529937.07 
10/02/2025,IMPUESTO DEBITO -LEY 25413,-20.76,10-02,55529916.31 
11/02/2025,CR.DEBIN 10/02-S.110305 C:30657033770,41791.50,11-02,55571707.81 
11/02/2025,CHEQUE DE CAMARA 005869871,-2000000.00,11-02,53571707.81 
11/02/2025,IMPUESTO DEBITO -LEY 25413     1950 COMPENSACION DE VALORES,-12000.00,11-02,53559707.81 
11/02/2025,CHEQUE DE CAMARA 009687301,-1479382.90,11-02,52080324.91 
11/02/2025,IMPUESTO DEBITO -LEY 25413     1950 COMPENSACION DE VALORES,-8876.30,11-02,52071448.61 
11/02/2025,PAGOS A COMERCIOS VISA - L. 0000222079 - C. 00003907330,997073.47,11-02,53068522.08 
11/02/2025,IMPUESTO CREDITO -LEY 25413    1002 MEDIOS DE PAGO,-5982.44,11-02,53062539.64 
11/02/2025,RETENCION ARBA                 1002 MEDIOS DE PAGO,-24926.80,11-02,53037612.84 
11/02/2025,IMPUESTO DEBITO -LEY 25413     1002 MEDIOS DE PAGO,-149.56,11-02,53037463.28 
11/02/2025,PAGOS A COMERCIOS VISA - L. 0000222186 - C. 00003907330,293677.45,11-02,53331140.73 
11/02/2025,IMPUESTO CREDITO -LEY 25413    1002 MEDIOS DE PAGO,-1762.06,11-02,53329378.67 
11/02/2025,RETENCION ARBA                 1002 MEDIOS DE PAGO,-7341.90,11-02,53322036.77 
11/02/2025,IMPUESTO DEBITO -LEY 25413     1002 MEDIOS DE PAGO,-44.05,11-02,53321992.72 
11/02/2025,PAGOS A COMERCIOS MASTERCARD - L. 0000222135 - C. 00003907330,189630.84,11-02,53511623.56 
11/02/2025,IMPUESTO CREDITO -LEY 25413    1002 MEDIOS DE PAGO,-1137.79,11-02,53510485.77 
11/02/2025,RETENCION ARBA                 1002 MEDIOS DE PAGO,-4740.70,11-02,53505745.07 
11/02/2025,IMPUESTO DEBITO -LEY 25413     1002 MEDIOS DE PAGO,-28.44,11-02,53505716.63 
11/02/2025,PAGOS A COMERCIOS MASTERCARD - L. 0000222034 - C. 00003907330,82023.10,11-02,53587739.73 
11/02/2025,IMPUESTO CREDITO -LEY 25413    1002 MEDIOS DE PAGO,-492.14,11-02,53587247.59 
11/02/2025,RETENCION ARBA                 1002 MEDIOS DE PAGO,-2050.50,11-02,53585197.09 
11/02/2025,IMPUESTO DEBITO -LEY 25413     1002 MEDIOS DE PAGO,-12.30,11-02,53585184.79 
11/02/2025,CARGO A COMERCIOS MASTERCARD - L. 0000221961 - C. 00003907330,-3015.76,11-02,53582169.03 
11/02/2025,DEBITO EN CUENTA,-12000000.00,11-02,41582169.03 
11/02/2025,COMISION CHEQUE USO DE CAJA,-70.00,11-02,41582099.03 
11/02/2025,IMPUESTO DEBITO -LEY 25413,-72000.00,11-02,41510099.03 
11/02/2025,IMPUESTO DEBITO -LEY 25413,-0.42,11-02,41510098.61 
11/02/2025,CR.TRAN. 30624944255ETESORERIA GENERAL PCIA BS 00D00,6555781.80,11-02,48065880.41 
11/02/2025,IMPUESTO CREDITO -LEY 25413    2000 REGION Y CASA MATRIZ LA P,-39334.69,11-02,48026545.72 
11/02/2025,RETENCION ARBA                 2000 REGION Y CASA MATRIZ LA P,-163894.50,11-02,47862651.22 
11/02/2025,IMPUESTO DEBITO -LEY 25413     2000 REGION Y CASA MATRIZ LA P,-983.37,11-02,47861667.85 
11/02/2025,CR.TRAN. 30624944255ETESORERIA GENERAL PCIA BS 00D00,192181.09,11-02,48053848.94 
11/02/2025,IMPUESTO CREDITO -LEY 25413    2000 REGION Y CASA MATRIZ LA P,-1153.09,11-02,48052695.85 
11/02/2025,RETENCION ARBA                 2000 REGION Y CASA MATRIZ LA P,-4804.50,11-02,48047891.35 
11/02/2025,IMPUESTO DEBITO -LEY 25413     2000 REGION Y CASA MATRIZ LA P,-28.83,11-02,48047862.52 
11/02/2025,CR.TRAN. 30624944255ETESORERIA GENERAL PCIA BS 00D00,8688433.90,11-02,56736296.42 
11/02/2025,IMPUESTO CREDITO -LEY 25413    2000 REGION Y CASA MATRIZ LA P,-52130.60,11-02,56684165.82 
11/02/2025,RETENCION ARBA                 2000 REGION Y CASA MATRIZ LA P,-217210.80,11-02,56466955.02 
11/02/2025,IMPUESTO DEBITO -LEY 25413     2000 REGION Y CASA MATRIZ LA P,-1303.26,11-02,56465651.76 
11/02/2025,CR.DEBIN 11/02-S.500855 C:30657033770,7922.56,11-02,56473574.32 
11/02/2025,IMPUESTO CREDITO -LEY 25413,-47.54,11-02,56473526.78 
11/02/2025,RETENCION ARBA,-198.00,11-02,56473328.78 
11/02/2025,IMPUESTO DEBITO -LEY 25413,-1.19,11-02,56473327.59 
11/02/2025,CR.DEBIN 11/02-S.641708 C:30657033770,12478.03,11-02,56485805.62 
11/02/2025,IMPUESTO CREDITO -LEY 25413,-74.87,11-02,56485730.75 
11/02/2025,RETENCION ARBA,-311.90,11-02,56485418.85 
11/02/2025,IMPUESTO DEBITO -LEY 25413,-1.87,11-02,56485416.98 
11/02/2025,CR.DEBIN 11/02-S.496330 C:30657033770,15845.12,11-02,56501262.10 
11/02/2025,IMPUESTO CREDITO -LEY 25413,-95.07,11-02,56501167.03 
11/02/2025,RETENCION ARBA,-396.10,11-02,56500770.93 
11/02/2025,IMPUESTO DEBITO -LEY 25413,-2.38,11-02,56500768.55 
11/02/2025,CR.DEBIN 11/02-S.422625 C:30657033770,4456.44,11-02,56505224.99 
11/02/2025,IMPUESTO CREDITO -LEY 25413,-26.74,11-02,56505198.25 
11/02/2025,RETENCION ARBA,-111.40,11-02,56505086.85 
11/02/2025,IMPUESTO DEBITO -LEY 25413,-0.67,11-02,56505086.18 
11/02/2025,CR.DEBIN 11/02-S.508781 C:30657033770,2772.90,11-02,56507859.08 
11/02/2025,IMPUESTO CREDITO -LEY 25413,-16.64,11-02,56507842.44 
11/02/2025,RETENCION ARBA,-69.30,11-02,56507773.14 
11/02/2025,IMPUESTO DEBITO -LEY 25413,-0.42,11-02,56507772.72 
11/02/2025,CR.TRAN. 30550857061CCOLEG FARMACEUTICOS PCIA BS A 00A04,26000.00,11-02,56533772.72 
11/02/2025,IMPUESTO CREDITO -LEY 25413    2000 REGION Y CASA MATRIZ LA P,-156.00,11-02,56533616.72 
11/02/2025,RETENCION ARBA                 2000 REGION Y CASA MATRIZ LA P,-650.00,11-02,56532966.72 
11/02/2025,IMPUESTO DEBITO -LEY 25413     2000 REGION Y CASA MATRIZ LA P,-3.90,11-02,56532962.82 
11/02/2025,CR.DEBIN 11/02-S.110021 C:30657033770,7427.40,11-02,56540390.22 
11/02/2025,IMPUESTO CREDITO -LEY 25413,-44.56,11-02,56540345.66 
11/02/2025,RETENCION ARBA,-185.60,11-02,56540160.06 
11/02/2025,IMPUESTO DEBITO -LEY 25413,-1.11,11-02,56540158.95 
11/02/2025,CR.TRAN. 30550857061CCOLEG FARMACEUTICOS PCIA BS A 00A04,202703.40,11-02,56742862.35 
11/02/2025,IMPUESTO CREDITO -LEY 25413    2000 REGION Y CASA MATRIZ LA P,-1216.22,11-02,56741646.13 
11/02/2025,RETENCION ARBA                 2000 REGION Y CASA MATRIZ LA P,-5067.50,11-02,56736578.63 
11/02/2025,IMPUESTO DEBITO -LEY 25413     2000 REGION Y CASA MATRIZ LA P,-30.41,11-02,56736548.22 
11/02/2025,CR.TRAN. 30624944255ETESORERIA GENERAL PCIA BS 00D00,618385.25,11-02,57354933.47 
11/02/2025,IMPUESTO CREDITO -LEY 25413    2000 REGION Y CASA MATRIZ LA P,-3710.31,11-02,57351223.16 
11/02/2025,RETENCION ARBA                 2000 REGION Y CASA MATRIZ LA P,-15459.60,11-02,57335763.56 
11/02/2025,IMPUESTO DEBITO -LEY 25413     2000 REGION Y CASA MATRIZ LA P,-92.76,11-02,57335670.80 
11/02/2025,CR.TRAN. 30624944255ETESORERIA GENERAL PCIA BS 00D00,5520655.49,11-02,62856326.29 
11/02/2025,IMPUESTO CREDITO -LEY 25413    2000 REGION Y CASA MATRIZ LA P,-33123.93,11-02,62823202.36 
11/02/2025,RETENCION ARBA                 2000 REGION Y CASA MATRIZ LA P,-138016.30,11-02,62685186.06 
11/02/2025,IMPUESTO DEBITO -LEY 25413     2000 REGION Y CASA MATRIZ LA P,-828.10,11-02,62684357.96 
11/02/2025,CR.TRAN. 30624944255ETESORERIA GENERAL PCIA BS 00D00,673728.18,11-02,63358086.14 
11/02/2025,IMPUESTO CREDITO -LEY 25413    2000 REGION Y CASA MATRIZ LA P,-4042.37,11-02,63354043.77 
11/02/2025,RETENCION ARBA                 2000 REGION Y CASA MATRIZ LA P,-16843.20,11-02,63337200.57 
11/02/2025,IMPUESTO DEBITO -LEY 25413     2000 REGION Y CASA MATRIZ LA P,-101.06,11-02,63337099.51 
11/02/2025,CR.TRAN. 30624944255ETESORERIA GENERAL PCIA BS 00D00,618385.85,11-02,63955485.36 
11/02/2025,IMPUESTO CREDITO -LEY 25413    2000 REGION Y CASA MATRIZ LA P,-3710.32,11-02,63951775.04 
11/02/2025,RETENCION ARBA                 2000 REGION Y CASA MATRIZ LA P,-15459.60,11-02,63936315.44 
11/02/2025,IMPUESTO DEBITO -LEY 25413     2000 REGION Y CASA MATRIZ LA P,-92.76,11-02,63936222.68 
11/02/2025,CR.DEBIN 11/02-S.152900 C:30657033770,6892.63,11-02,63943115.31 
11/02/2025,IMPUESTO CREDITO -LEY 25413,-41.36,11-02,63943073.95 
11/02/2025,RETENCION ARBA,-172.30,11-02,63942901.65 
11/02/2025,IMPUESTO DEBITO -LEY 25413,-1.03,11-02,63942900.62 
11/02/2025,CR.DEBIN 11/02-S.158787 C:30657033770,59716.30,11-02,64002616.92 
11/02/2025,IMPUESTO CREDITO -LEY 25413,-358.30,11-02,64002258.62 
11/02/2025,RETENCION ARBA,-1492.90,11-02,64000765.72 
11/02/2025,IMPUESTO DEBITO -LEY 25413,-8.96,11-02,64000756.76 
11/02/2025,CR.DEBIN 11/02-S.719061 C:30657033770,10695.46,11-02,64011452.22 
11/02/2025,IMPUESTO CREDITO -LEY 25413,-64.17,11-02,64011388.05 
11/02/2025,RETENCION ARBA,-267.30,11-02,64011120.75 
11/02/2025,IMPUESTO DEBITO -LEY 25413,-1.60,11-02,64011119.15 
11/02/2025,CR.DEBIN 11/02-S.909561 C:30657033770,7328.37,11-02,64018447.52 
11/02/2025,IMPUESTO CREDITO -LEY 25413,-43.97,11-02,64018403.55 
11/02/2025,RETENCION ARBA,-183.20,11-02,64018220.35 
11/02/2025,IMPUESTO DEBITO -LEY 25413,-1.10,11-02,64018219.25 
11/02/2025,REVERSA RETENCION ARBA,217210.80,11-02,64235430.05 
11/02/2025,REVERSA RETENCION ARBA,163894.50,11-02,64399324.55 
11/02/2025,REVERSA RETENCION ARBA,138016.30,11-02,64537340.85 
11/02/2025,REVERSA RETENCION ARBA,16843.20,11-02,64554184.05 
11/02/2025,REVERSA RETENCION ARBA,15459.60,11-02,64569643.65 
11/02/2025,REVERSA RETENCION ARBA,15459.60,11-02,64585103.25 
11/02/2025,REVERSA RETENCION ARBA,4804.50,11-02,64589907.75 
11/02/2025,REV. IMP.DEBITO.-LEY 25413,1303.26,11-02,64591211.01 
11/02/2025,REV. IMP.DEBITO.-LEY 25413,983.37,11-02,64592194.38 
11/02/2025,REV. IMP.DEBITO.-LEY 25413,828.10,11-02,64593022.48 
11/02/2025,REV. IMP.DEBITO.-LEY 25413,101.06,11-02,64593123.54 
11/02/2025,REV. IMP.DEBITO.-LEY 25413,92.76,11-02,64593216.30 
11/02/2025,REV. IMP.DEBITO.-LEY 25413,92.76,11-02,64593309.06 
11/02/2025,REV. IMP.DEBITO.-LEY 25413,28.83,11-02,64593337.89 
11/02/2025,COMISION DATANET,-13.00,11-02,64593324.89 
11/02/2025,IMPUESTO DEBITO -LEY 25413,-0.08,11-02,64593324.81 
11/02/2025,COMISION DATANET,-101.35,11-02,64593223.46 
11/02/2025,IMPUESTO DEBITO -LEY 25413,-0.61,11-02,64593222.85 
11/02/2025,COMISION DATANET,-3715.56,11-02,64589507.29 
11/02/2025,IMPUESTO I.BRUTOS - PERCEPCION,-185.78,11-02,64589321.51 
11/02/2025,IMPUESTO DEBITO -LEY 25413,-22.29,11-02,64589299.22 
11/02/2025,IMPUESTO DEBITO -LEY 25413,-1.11,11-02,64589298.11 
11/02/2025,COMISION DATANET,-7718.19,11-02,64581579.92 
11/02/2025,IMPUESTO I.BRUTOS - PERCEPCION,-385.91,11-02,64581194.01 
11/02/2025,IMPUESTO DEBITO -LEY 25413,-46.31,11-02,64581147.70 
11/02/2025,IMPUESTO DEBITO -LEY 25413,-2.32,11-02,64581145.38 
12/02/2025,CR.DEBIN 11/02-S.219655 C:30657033770,18618.02,12-02,64599763.40 
12/02/2025,CR.DEBIN 11/02-S.747022 C:30657033770,10893.52,12-02,64610656.92 
12/02/2025,CR.DEBIN 11/02-S.504802 C:30657033770,8279.08,12-02,64618936.00 
12/02/2025,CR.DEBIN 11/02-S.170670 C:30657033770,7427.40,12-02,64626363.40 
12/02/2025,CR.DEBIN 11/02-S.242015 C:30657033770,7328.37,12-02,64633691.77 
12/02/2025,CR.DEBIN 11/02-S.224247 C:30657033770,5545.79,12-02,64639237.56 
12/02/2025,CR.DEBIN 11/02-S.736769 C:30657033770,4951.60,12-02,64644189.16 
12/02/2025,CR.DEBIN 11/02-S.509660 C:30657033770,4753.54,12-02,64648942.70 
12/02/2025,CHEQUE DE CAMARA 009687278,-995176.55,12-02,63653766.15 
12/02/2025,IMPUESTO DEBITO -LEY 25413     1950 COMPENSACION DE VALORES,-5971.06,12-02,63647795.09 
12/02/2025,PAGOS A COMERCIOS VISA - L. 0000222279 - C. 00003907330,382434.66,12-02,64030229.75 
12/02/2025,IMPUESTO CREDITO -LEY 25413    1002 MEDIOS DE PAGO,-2294.61,12-02,64027935.14 
12/02/2025,RETENCION ARBA                 1002 MEDIOS DE PAGO,-9560.80,12-02,64018374.34 
12/02/2025,IMPUESTO DEBITO -LEY 25413     1002 MEDIOS DE PAGO,-57.36,12-02,64018316.98 
12/02/2025,PAGOS A COMERCIOS VISA - L. 0000222358 - C. 00003907330,213980.79,12-02,64232297.77 
12/02/2025,IMPUESTO CREDITO -LEY 25413    1002 MEDIOS DE PAGO,-1283.88,12-02,64231013.89 
12/02/2025,RETENCION ARBA                 1002 MEDIOS DE PAGO,-5349.50,12-02,64225664.39 
12/02/2025,IMPUESTO DEBITO -LEY 25413     1002 MEDIOS DE PAGO,-32.10,12-02,64225632.29 
12/02/2025,PAGOS A COMERCIOS MASTERCARD - L. 0000222243 - C. 00003907330,14263.70,12-02,64239895.99 
12/02/2025,IMPUESTO CREDITO -LEY 25413    1002 MEDIOS DE PAGO,-85.58,12-02,64239810.41 
12/02/2025,RETENCION ARBA                 1002 MEDIOS DE PAGO,-356.50,12-02,64239453.91 
12/02/2025,IMPUESTO DEBITO -LEY 25413     1002 MEDIOS DE PAGO,-2.14,12-02,64239451.77 
12/02/2025,PAGOS A COMERCIOS MASTERCARD - L. 0000222323 - C. 00003907330,11656.45,12-02,64251108.22 
12/02/2025,IMPUESTO CREDITO -LEY 25413    1002 MEDIOS DE PAGO,-69.94,12-02,64251038.28 
12/02/2025,RETENCION ARBA                 1002 MEDIOS DE PAGO,-291.40,12-02,64250746.88 
12/02/2025,IMPUESTO DEBITO -LEY 25413     1002 MEDIOS DE PAGO,-1.75,12-02,64250745.13 
12/02/2025,CARGO A COMERCIOS MASTERCARD - L. 0000222150 - C. 00003907330,-5002.32,12-02,64245742.81 
12/02/2025,CR.DEBIN 12/02-S.544631 C:30657033770,12081.90,12-02,64257824.71 
12/02/2025,IMPUESTO CREDITO -LEY 25413,-72.49,12-02,64257752.22 
12/02/2025,RETENCION ARBA,-302.00,12-02,64257450.22 
12/02/2025,IMPUESTO DEBITO -LEY 25413,-1.81,12-02,64257448.41 
12/02/2025,CR.DEBIN 12/02-S.888957 C:30657033770,4456.44,12-02,64261904.85 
12/02/2025,IMPUESTO CREDITO -LEY 25413,-26.74,12-02,64261878.11 
12/02/2025,RETENCION ARBA,-111.40,12-02,64261766.71 
12/02/2025,IMPUESTO DEBITO -LEY 25413,-0.67,12-02,64261766.04 
12/02/2025,CR.DEBIN 12/02-S.974470 C:30657033770,30699.92,12-02,64292465.96 
12/02/2025,IMPUESTO CREDITO -LEY 25413,-184.20,12-02,64292281.76 
12/02/2025,RETENCION ARBA,-767.40,12-02,64291514.36 
12/02/2025,IMPUESTO DEBITO -LEY 25413,-4.60,12-02,64291509.76 
12/02/2025,CR.DEBIN 12/02-S.122855 C:30657033770,26342.51,12-02,64317852.27 
12/02/2025,IMPUESTO CREDITO -LEY 25413,-158.06,12-02,64317694.21 
12/02/2025,RETENCION ARBA,-658.50,12-02,64317035.71 
12/02/2025,IMPUESTO DEBITO -LEY 25413,-3.95,12-02,64317031.76 
12/02/2025,CR.DEBIN 12/02-S.567484 C:30657033770,13171.26,12-02,64330203.02 
12/02/2025,IMPUESTO CREDITO -LEY 25413,-79.03,12-02,64330123.99 
12/02/2025,RETENCION ARBA,-329.20,12-02,64329794.79 
12/02/2025,IMPUESTO DEBITO -LEY 25413,-1.98,12-02,64329792.81 
12/02/2025,CR.DEBIN 12/02-S.646613 C:30657033770,11982.87,12-02,64341775.68 
12/02/2025,IMPUESTO CREDITO -LEY 25413,-71.90,12-02,64341703.78 
12/02/2025,RETENCION ARBA,-299.50,12-02,64341404.28 
12/02/2025,IMPUESTO DEBITO -LEY 25413,-1.80,12-02,64341402.48 
12/02/2025,CR.DEBIN 12/02-S.936018 C:30657033770,8417.72,12-02,64349820.20 
12/02/2025,IMPUESTO CREDITO -LEY 25413,-50.51,12-02,64349769.69 
12/02/2025,RETENCION ARBA,-210.40,12-02,64349559.29 
12/02/2025,IMPUESTO DEBITO -LEY 25413,-1.26,12-02,64349558.03 
12/02/2025,CR.DEBIN 12/02-S.614404 C:30657033770,29709.60,12-02,64379267.63 
12/02/2025,IMPUESTO CREDITO -LEY 25413,-178.26,12-02,64379089.37 
12/02/2025,RETENCION ARBA,-742.70,12-02,64378346.67 
12/02/2025,IMPUESTO DEBITO -LEY 25413,-4.46,12-02,64378342.21 
12/02/2025,CR.DEBIN 12/02-S.177866 C:30657033770,10101.26,12-02,64388443.47 
12/02/2025,IMPUESTO CREDITO -LEY 25413,-60.61,12-02,64388382.86 
12/02/2025,RETENCION ARBA,-252.50,12-02,64388130.36 
12/02/2025,IMPUESTO DEBITO -LEY 25413,-1.52,12-02,64388128.84 
13/02/2025,CR.DEBIN 12/02-S.197764 C:30657033770,17825.76,13-02,64405954.60 
13/02/2025,CR.DEBIN 12/02-S.641647 C:30657033770,10101.26,13-02,64416055.86 
13/02/2025,CR.DEBIN 12/02-S.044587 C:30657033770,10101.26,13-02,64426157.12 
13/02/2025,CR.DEBIN 12/02-S.437179 C:30657033770,8912.88,13-02,64435070.00 
13/02/2025,CR.DEBIN 12/02-S.147715 C:30657033770,8912.88,13-02,64443982.88 
13/02/2025,CR.DEBIN 12/02-S.045282 C:30657033770,4456.44,13-02,64448439.32 
13/02/2025,CR.DEBIN 12/02-S.087387 C:30657033770,1683.54,13-02,64450122.86 
13/02/2025,PAGOS A COMERCIOS VISA - L. 0000222451 - C. 00003907330,567204.61,13-02,65017327.47 
13/02/2025,IMPUESTO CREDITO -LEY 25413    1002 MEDIOS DE PAGO,-3403.23,13-02,65013924.24 
13/02/2025,RETENCION ARBA                 1002 MEDIOS DE PAGO,-14180.10,13-02,64999744.14 
13/02/2025,IMPUESTO DEBITO -LEY 25413     1002 MEDIOS DE PAGO,-85.08,13-02,64999659.06 
13/02/2025,PAGOS A COMERCIOS VISA - L. 0000222533 - C. 00003907330,251487.95,13-02,65251147.01 
13/02/2025,IMPUESTO CREDITO -LEY 25413    1002 MEDIOS DE PAGO,-1508.93,13-02,65249638.08 
13/02/2025,RETENCION ARBA                 1002 MEDIOS DE PAGO,-6287.10,13-02,65243350.98 
13/02/2025,IMPUESTO DEBITO -LEY 25413     1002 MEDIOS DE PAGO,-37.72,13-02,65243313.26 
13/02/2025,PAGOS A COMERCIOS MASTERCARD - L. 0000222421 - C. 00003907330,28575.92,13-02,65271889.18 
13/02/2025,IMPUESTO CREDITO -LEY 25413    1002 MEDIOS DE PAGO,-171.46,13-02,65271717.72 
13/02/2025,RETENCION ARBA                 1002 MEDIOS DE PAGO,-714.30,13-02,65271003.42 
13/02/2025,IMPUESTO DEBITO -LEY 25413     1002 MEDIOS DE PAGO,-4.29,13-02,65270999.13 
13/02/2025,CARGO A COMERCIOS MASTERCARD - L. 0000222331 - C. 00003907330,-844.00,13-02,65270155.13 
13/02/2025,CR.DEBIN 13/02-S.341476 C:30657033770,3961.28,13-02,65274116.41 
13/02/2025,IMPUESTO CREDITO -LEY 25413,-23.77,13-02,65274092.64 
13/02/2025,RETENCION ARBA,-99.00,13-02,65273993.64 
13/02/2025,IMPUESTO DEBITO -LEY 25413,-0.59,13-02,65273993.05 
13/02/2025,CR.DEBIN 13/02-S.943939 C:30657033770,10101.26,13-02,65284094.31 
13/02/2025,IMPUESTO CREDITO -LEY 25413,-60.61,13-02,65284033.70 
13/02/2025,RETENCION ARBA,-252.50,13-02,65283781.20 
13/02/2025,IMPUESTO DEBITO -LEY 25413,-1.52,13-02,65283779.68 
13/02/2025,DEBITO EN CUENTA,-4500000.00,13-02,60783779.68 
13/02/2025,COMISION CHEQUE USO DE CAJA,-70.00,13-02,60783709.68 
13/02/2025,IMPUESTO DEBITO -LEY 25413,-27000.00,13-02,60756709.68 
13/02/2025,IMPUESTO DEBITO -LEY 25413,-0.42,13-02,60756709.26 
13/02/2025,CR.DEBIN 13/02-S.323395 C:30657033770,9408.04,13-02,60766117.30 
13/02/2025,IMPUESTO CREDITO -LEY 25413,-56.45,13-02,60766060.85 
13/02/2025,RETENCION ARBA,-235.20,13-02,60765825.65 
13/02/2025,IMPUESTO DEBITO -LEY 25413,-1.41,13-02,60765824.24 
13/02/2025,CR.DEBIN 13/02-S.408610 C:30657033770,43574.08,13-02,60809398.32 
13/02/2025,IMPUESTO CREDITO -LEY 25413,-261.44,13-02,60809136.88 
13/02/2025,RETENCION ARBA,-1089.30,13-02,60808047.58 
13/02/2025,IMPUESTO DEBITO -LEY 25413,-6.54,13-02,60808041.04 
13/02/2025,CR.TRAN. 30624944255ETESORERIA GENERAL PCIA BS 00D00,3565393.00,13-02,64373434.04 
13/02/2025,IMPUESTO CREDITO -LEY 25413    2000 REGION Y CASA MATRIZ LA P,-21392.36,13-02,64352041.68 
13/02/2025,RETENCION ARBA                 2000 REGION Y CASA MATRIZ LA P,-89134.80,13-02,64262906.88 
13/02/2025,IMPUESTO DEBITO -LEY 25413     2000 REGION Y CASA MATRIZ LA P,-534.81,13-02,64262372.07 
13/02/2025,CR.DEBIN 13/02-S.788519 C:30657033770,23569.62,13-02,64285941.69 
13/02/2025,IMPUESTO CREDITO -LEY 25413,-141.42,13-02,64285800.27 
13/02/2025,RETENCION ARBA,-589.20,13-02,64285211.07 
13/02/2025,IMPUESTO DEBITO -LEY 25413,-3.54,13-02,64285207.53 
13/02/2025,CR.DEBIN 13/02-S.049958 C:30657033770,7922.56,13-02,64293130.09 
13/02/2025,IMPUESTO CREDITO -LEY 25413,-47.54,13-02,64293082.55 
13/02/2025,RETENCION ARBA,-198.00,13-02,64292884.55 
13/02/2025,IMPUESTO DEBITO -LEY 25413,-1.19,13-02,64292883.36 
13/02/2025,CR.DEBIN 13/02-S.462088 C:30657033770,13864.48,13-02,64306747.84 
13/02/2025,IMPUESTO CREDITO -LEY 25413,-83.19,13-02,64306664.65 
13/02/2025,RETENCION ARBA,-346.60,13-02,64306318.05 
13/02/2025,IMPUESTO DEBITO -LEY 25413,-2.08,13-02,64306315.97 
13/02/2025,CR.DEBIN 13/02-S.391077 C:30657033770,22777.36,13-02,64329093.33 
13/02/2025,IMPUESTO CREDITO -LEY 25413,-136.66,13-02,64328956.67 
13/02/2025,RETENCION ARBA,-569.40,13-02,64328387.27 
13/02/2025,IMPUESTO DEBITO -LEY 25413,-3.42,13-02,64328383.85 
13/02/2025,CR.DEBIN 13/02-S.395795 C:30657033770,18518.98,13-02,64346902.83 
13/02/2025,IMPUESTO CREDITO -LEY 25413,-111.11,13-02,64346791.72 
13/02/2025,RETENCION ARBA,-462.90,13-02,64346328.82 
13/02/2025,IMPUESTO DEBITO -LEY 25413,-2.78,13-02,64346326.04 
13/02/2025,REVERSA RETENCION ARBA,89134.80,13-02,64435460.84 
13/02/2025,REV. IMP.DEBITO.-LEY 25413,534.81,13-02,64435995.65 
13/02/2025,COMISION DATANET,-1782.69,13-02,64434212.96 
13/02/2025,IMPUESTO DEBITO -LEY 25413,-10.70,13-02,64434202.26 
14/02/2025,CR.DEBIN 13/02-S.931653 C:30657033770,19806.40,14-02,64454008.66 
14/02/2025,CR.DEBIN 13/02-S.174059 C:30657033770,18419.95,14-02,64472428.61 
14/02/2025,CR.DEBIN 13/02-S.855566 C:30657033770,16043.18,14-02,64488471.79 
14/02/2025,CR.DEBIN 13/02-S.575185 C:30657033770,11784.81,14-02,64500256.60 
14/02/2025,CR.DEBIN 13/02-S.664558 C:30657033770,11537.23,14-02,64511793.83 
14/02/2025,CR.DEBIN 13/02-S.477815 C:30657033770,10893.52,14-02,64522687.35 
14/02/2025,CR.DEBIN 13/02-S.150965 C:30657033770,8417.72,14-02,64531105.07 
14/02/2025,CR.DEBIN 13/02-S.478695 C:30657033770,7922.56,14-02,64539027.63 
14/02/2025,CR.DEBIN 13/02-S.558821 C:30657033770,6239.02,14-02,64545266.65 
14/02/2025,CR.DEBIN 13/02-S.579397 C:30657033770,5941.92,14-02,64551208.57 
14/02/2025,CR.DEBIN 13/02-S.854972 C:30657033770,4951.60,14-02,64556160.17 
14/02/2025,CR.DEBIN 13/02-S.123326 C:30657033770,1683.54,14-02,64557843.71 
14/02/2025,CHEQUE DE CAMARA 005869877,-603750.01,14-02,63954093.70 
14/02/2025,IMPUESTO DEBITO -LEY 25413     1952 CONTABILIDAD Y CONCILIACI,-3622.50,14-02,63950471.20 
14/02/2025,PAGO CUOTA,COM,GASTOS PRESTAMO 1987 BIYCSA,-252006.10,14-02,63698465.10 
14/02/2025,IMPUESTO DEBITO -LEY 25413,-1512.04,14-02,63696953.06 
14/02/2025,PAGO CUOTA,COM,GASTOS PRESTAMO 1987 BIYCSA,-2077850.00,14-02,61619103.06 
14/02/2025,IMPUESTO DEBITO -LEY 25413,-12467.10,14-02,61606635.96 
14/02/2025,CR.TRAN. 30574816870 AMERICAN EXPRESS,26877.92,14-02,61633513.88 
14/02/2025,IMPUESTO CREDITO -LEY 25413    0001,-161.27,14-02,61633352.61 
14/02/2025,RETENCION ARBA                 0001,-671.90,14-02,61632680.71 
14/02/2025,IMPUESTO DEBITO -LEY 25413     0001,-4.03,14-02,61632676.68 
14/02/2025,PAGOS A COMERCIOS VISA - L. 0000222626 - C. 00003907330,484529.72,14-02,62117206.40 
14/02/2025,IMPUESTO CREDITO -LEY 25413    1002 MEDIOS DE PAGO,-2907.18,14-02,62114299.22 
14/02/2025,RETENCION ARBA                 1002 MEDIOS DE PAGO,-12113.20,14-02,62102186.02 
14/02/2025,IMPUESTO DEBITO -LEY 25413     1002 MEDIOS DE PAGO,-72.68,14-02,62102113.34 
14/02/2025,PAGOS A COMERCIOS MASTERCARD - L. 0000222599 - C. 00003907330,140744.92,14-02,62242858.26 
14/02/2025,IMPUESTO CREDITO -LEY 25413    1002 MEDIOS DE PAGO,-844.47,14-02,62242013.79 
14/02/2025,RETENCION ARBA                 1002 MEDIOS DE PAGO,-3518.60,14-02,62238495.19 
14/02/2025,IMPUESTO DEBITO -LEY 25413     1002 MEDIOS DE PAGO,-21.11,14-02,62238474.08 
14/02/2025,PAGOS A COMERCIOS VISA - L. 0000222715 - C. 00003907330,107512.45,14-02,62345986.53 
14/02/2025,IMPUESTO CREDITO -LEY 25413    1002 MEDIOS DE PAGO,-645.07,14-02,62345341.46 
14/02/2025,RETENCION ARBA                 1002 MEDIOS DE PAGO,-2687.80,14-02,62342653.66 
14/02/2025,IMPUESTO DEBITO -LEY 25413     1002 MEDIOS DE PAGO,-16.13,14-02,62342637.53 
14/02/2025,PAGOS A COMERCIOS MASTERCARD - L. 0000222673 - C. 00003907330,41959.39,14-02,62384596.92 
14/02/2025,IMPUESTO CREDITO -LEY 25413    1002 MEDIOS DE PAGO,-251.76,14-02,62384345.16 
14/02/2025,RETENCION ARBA                 1002 MEDIOS DE PAGO,-1048.90,14-02,62383296.26 
14/02/2025,IMPUESTO DEBITO -LEY 25413     1002 MEDIOS DE PAGO,-6.29,14-02,62383289.97 
14/02/2025,CARGO A COMERCIOS MASTERCARD - L. 0000222507 - C. 00003907330,-5451.36,14-02,62377838.61 
14/02/2025,CR.DEBIN 14/02-S.792097 C:30657033770,10101.26,14-02,62387939.87 
14/02/2025,IMPUESTO CREDITO -LEY 25413,-60.61,14-02,62387879.26 
14/02/2025,RETENCION ARBA,-252.50,14-02,62387626.76 
14/02/2025,IMPUESTO DEBITO -LEY 25413,-1.52,14-02,62387625.24 
14/02/2025,CR.DEBIN 14/02-S.413080 C:30657033770,7427.40,14-02,62395052.64 
14/02/2025,IMPUESTO CREDITO -LEY 25413,-44.56,14-02,62395008.08 
14/02/2025,RETENCION ARBA,-185.60,14-02,62394822.48 
14/02/2025,IMPUESTO DEBITO -LEY 25413,-1.11,14-02,62394821.37 
14/02/2025,CR.DEBIN 14/02-S.963371 C:30657033770,14359.64,14-02,62409181.01 
14/02/2025,IMPUESTO CREDITO -LEY 25413,-86.16,14-02,62409094.85 
14/02/2025,RETENCION ARBA,-358.90,14-02,62408735.95 
14/02/2025,IMPUESTO DEBITO -LEY 25413,-2.15,14-02,62408733.80 
14/02/2025,CR.TRAN. 30601290592 AGREM ODONT DE BERISSO,33831.40,14-02,62442565.20 
14/02/2025,IMPUESTO CREDITO -LEY 25413    4930,-202.99,14-02,62442362.21 
14/02/2025,RETENCION ARBA                 4930,-845.70,14-02,62441516.51 
14/02/2025,IMPUESTO DEBITO -LEY 25413     4930,-5.07,14-02,62441511.44 
14/02/2025,CR.DEBIN 14/02-S.007657 C:30657033770,17825.76,14-02,62459337.20 
14/02/2025,IMPUESTO CREDITO -LEY 25413,-106.95,14-02,62459230.25 
14/02/2025,RETENCION ARBA,-445.60,14-02,62458784.65 
14/02/2025,IMPUESTO DEBITO -LEY 25413,-2.67,14-02,62458781.98 
14/02/2025,CR.TRAN. 30624944255ETESORERIA GENERAL PCIA BS 00D00,264665.66,14-02,62723447.64 
14/02/2025,IMPUESTO CREDITO -LEY 25413    2000 REGION Y CASA MATRIZ LA P,-1587.99,14-02,62721859.65 
14/02/2025,RETENCION ARBA                 2000 REGION Y CASA MATRIZ LA P,-6616.60,14-02,62715243.05 
14/02/2025,IMPUESTO DEBITO -LEY 25413     2000 REGION Y CASA MATRIZ LA P,-39.70,14-02,62715203.35 
14/02/2025,CR.TRAN. 30624944255ETESORERIA GENERAL PCIA BS 00D00,264665.66,14-02,62979869.01 
14/02/2025,IMPUESTO CREDITO -LEY 25413    2000 REGION Y CASA MATRIZ LA P,-1587.99,14-02,62978281.02 
14/02/2025,RETENCION ARBA                 2000 REGION Y CASA MATRIZ LA P,-6616.60,14-02,62971664.42 
14/02/2025,IMPUESTO DEBITO -LEY 25413     2000 REGION Y CASA MATRIZ LA P,-39.70,14-02,62971624.72 
14/02/2025,CR.TRAN. 30624944255ETESORERIA GENERAL PCIA BS 00D00,492328.05,14-02,63463952.77 
14/02/2025,IMPUESTO CREDITO -LEY 25413    2000 REGION Y CASA MATRIZ LA P,-2953.97,14-02,63460998.80 
14/02/2025,RETENCION ARBA                 2000 REGION Y CASA MATRIZ LA P,-12308.20,14-02,63448690.60 
14/02/2025,IMPUESTO DEBITO -LEY 25413     2000 REGION Y CASA MATRIZ LA P,-73.85,14-02,63448616.75 
14/02/2025,CR.TRAN. 30624944255ETESORERIA GENERAL PCIA BS 00D00,264665.66,14-02,63713282.41 
14/02/2025,IMPUESTO CREDITO -LEY 25413    2000 REGION Y CASA MATRIZ LA P,-1587.99,14-02,63711694.42 
14/02/2025,RETENCION ARBA                 2000 REGION Y CASA MATRIZ LA P,-6616.60,14-02,63705077.82 
14/02/2025,IMPUESTO DEBITO -LEY 25413     2000 REGION Y CASA MATRIZ LA P,-39.70,14-02,63705038.12 
14/02/2025,CR.TRAN. 30624944255ETESORERIA GENERAL PCIA BS 00D00,492328.05,14-02,64197366.17 
14/02/2025,IMPUESTO CREDITO -LEY 25413    2000 REGION Y CASA MATRIZ LA P,-2953.97,14-02,64194412.20 
14/02/2025,RETENCION ARBA                 2000 REGION Y CASA MATRIZ LA P,-12308.20,14-02,64182104.00 
14/02/2025,IMPUESTO DEBITO -LEY 25413     2000 REGION Y CASA MATRIZ LA P,-73.85,14-02,64182030.15 
14/02/2025,CR.TRAN. 30624944255ETESORERIA GENERAL PCIA BS 00D00,264665.66,14-02,64446695.81 
14/02/2025,IMPUESTO CREDITO -LEY 25413    2000 REGION Y CASA MATRIZ LA P,-1587.99,14-02,64445107.82 
14/02/2025,RETENCION ARBA                 2000 REGION Y CASA MATRIZ LA P,-6616.60,14-02,64438491.22 
14/02/2025,IMPUESTO DEBITO -LEY 25413     2000 REGION Y CASA MATRIZ LA P,-39.70,14-02,64438451.52 
14/02/2025,CR.TRAN. 30624944255ETESORERIA GENERAL PCIA BS 00D00,492328.05,14-02,64930779.57 
14/02/2025,IMPUESTO CREDITO -LEY 25413    2000 REGION Y CASA MATRIZ LA P,-2953.97,14-02,64927825.60 
14/02/2025,RETENCION ARBA                 2000 REGION Y CASA MATRIZ LA P,-12308.20,14-02,64915517.40 
14/02/2025,IMPUESTO DEBITO -LEY 25413     2000 REGION Y CASA MATRIZ LA P,-73.85,14-02,64915443.55 
14/02/2025,CR.TRAN. 30624944255ETESORERIA GENERAL PCIA BS 00D00,264665.66,14-02,65180109.21 
14/02/2025,IMPUESTO CREDITO -LEY 25413    2000 REGION Y CASA MATRIZ LA P,-1587.99,14-02,65178521.22 
14/02/2025,RETENCION ARBA                 2000 REGION Y CASA MATRIZ LA P,-6616.60,14-02,65171904.62 
14/02/2025,IMPUESTO DEBITO -LEY 25413     2000 REGION Y CASA MATRIZ LA P,-39.70,14-02,65171864.92 
14/02/2025,CR.TRAN. 30624944255ETESORERIA GENERAL PCIA BS 00D00,492328.05,14-02,65664192.97 
14/02/2025,IMPUESTO CREDITO -LEY 25413    2000 REGION Y CASA MATRIZ LA P,-2953.97,14-02,65661239.00 
14/02/2025,RETENCION ARBA                 2000 REGION Y CASA MATRIZ LA P,-12308.20,14-02,65648930.80 
14/02/2025,IMPUESTO DEBITO -LEY 25413     2000 REGION Y CASA MATRIZ LA P,-73.85,14-02,65648856.95 
14/02/2025,CR.TRAN. 30624944255ETESORERIA GENERAL PCIA BS 00D00,492328.05,14-02,66141185.00 
14/02/2025,IMPUESTO CREDITO -LEY 25413    2000 REGION Y CASA MATRIZ LA P,-2953.97,14-02,66138231.03 
14/02/2025,RETENCION ARBA                 2000 REGION Y CASA MATRIZ LA P,-12308.20,14-02,66125922.83 
14/02/2025,IMPUESTO DEBITO -LEY 25413     2000 REGION Y CASA MATRIZ LA P,-73.85,14-02,66125848.98 
14/02/2025,CR.DEBIN 14/02-S.888897 C:30657033770,5941.92,14-02,66131790.90 
14/02/2025,IMPUESTO CREDITO -LEY 25413,-35.65,14-02,66131755.25 
14/02/2025,RETENCION ARBA,-148.50,14-02,66131606.75 
14/02/2025,IMPUESTO DEBITO -LEY 25413,-0.89,14-02,66131605.86 
14/02/2025,CR.DEBIN 14/02-S.549781 C:30657033770,14062.54,14-02,66145668.40 
14/02/2025,IMPUESTO CREDITO -LEY 25413,-84.38,14-02,66145584.02 
14/02/2025,RETENCION ARBA,-351.50,14-02,66145232.52 
14/02/2025,IMPUESTO DEBITO -LEY 25413,-2.11,14-02,66145230.41 
14/02/2025,CR.DEBIN 14/02-S.975330 C:30657033770,26936.70,14-02,66172167.11 
14/02/2025,IMPUESTO CREDITO -LEY 25413,-161.62,14-02,66172005.49 
14/02/2025,RETENCION ARBA,-673.40,14-02,66171332.09 
14/02/2025,IMPUESTO DEBITO -LEY 25413,-4.04,14-02,66171328.05 
14/02/2025,CR.DEBIN 14/02-S.980216 C:30657033770,1683.54,14-02,66173011.59 
14/02/2025,IMPUESTO CREDITO -LEY 25413,-10.10,14-02,66173001.49 
14/02/2025,RETENCION ARBA,-42.00,14-02,66172959.49 
14/02/2025,IMPUESTO DEBITO -LEY 25413,-0.25,14-02,66172959.24 
14/02/2025,CR.DEBIN 14/02-S.916709 C:30657033770,2525.32,14-02,66175484.56 
14/02/2025,IMPUESTO CREDITO -LEY 25413,-15.15,14-02,66175469.41 
14/02/2025,RETENCION ARBA,-63.10,14-02,66175406.31 
14/02/2025,IMPUESTO DEBITO -LEY 25413,-0.38,14-02,66175405.93 
14/02/2025,REVERSA RETENCION ARBA,12308.20,14-02,66187714.13 
14/02/2025,REVERSA RETENCION ARBA,12308.20,14-02,66200022.33 
14/02/2025,REVERSA RETENCION ARBA,12308.20,14-02,66212330.53 
14/02/2025,REVERSA RETENCION ARBA,12308.20,14-02,66224638.73 
14/02/2025,REVERSA RETENCION ARBA,12308.20,14-02,66236946.93 
14/02/2025,REVERSA RETENCION ARBA,6616.60,14-02,66243563.53 
14/02/2025,REVERSA RETENCION ARBA,6616.60,14-02,66250180.13 
14/02/2025,REVERSA RETENCION ARBA,6616.60,14-02,66256796.73 
14/02/2025,REVERSA RETENCION ARBA,6616.60,14-02,66263413.33 
14/02/2025,REVERSA RETENCION ARBA,6616.60,14-02,66270029.93 
14/02/2025,REV. IMP.DEBITO.-LEY 25413,73.85,14-02,66270103.78 
14/02/2025,REV. IMP.DEBITO.-LEY 25413,73.85,14-02,66270177.63 
14/02/2025,REV. IMP.DEBITO.-LEY 25413,73.85,14-02,66270251.48 
14/02/2025,REV. IMP.DEBITO.-LEY 25413,73.85,14-02,66270325.33 
14/02/2025,REV. IMP.DEBITO.-LEY 25413,73.85,14-02,66270399.18 
14/02/2025,REV. IMP.DEBITO.-LEY 25413,39.70,14-02,66270438.88 
14/02/2025,REV. IMP.DEBITO.-LEY 25413,39.70,14-02,66270478.58 
14/02/2025,REV. IMP.DEBITO.-LEY 25413,39.70,14-02,66270518.28 
14/02/2025,REV. IMP.DEBITO.-LEY 25413,39.70,14-02,66270557.98 
14/02/2025,REV. IMP.DEBITO.-LEY 25413,39.70,14-02,66270597.68 
14/02/2025,COMISION DATANET,-13.43,14-02,66270584.25 
14/02/2025,IMPUESTO DEBITO -LEY 25413,-0.08,14-02,66270584.17 
14/02/2025,COMISION DATANET,-16.91,14-02,66270567.26 
14/02/2025,IMPUESTO DEBITO -LEY 25413,-0.10,14-02,66270567.16 
14/02/2025,COMISION DATANET,-1892.45,14-02,66268674.71 
14/02/2025,IMPUESTO DEBITO -LEY 25413,-11.35,14-02,66268663.36 
17/02/2025,BIP DB.TR.15/02-C.221991 D:30717030369 N:PANIFICADORA M,-162300.15,17-02,66106363.21 
17/02/2025,IMPUESTO DEBITO -LEY 25413,-973.80,17-02,66105389.41 
17/02/2025,CR.DEBIN 15/02-S.444479 C:30657033770,5941.92,17-02,66111331.33 
17/02/2025,IMPUESTO CREDITO -LEY 25413,-35.65,17-02,66111295.68 
17/02/2025,RETENCION ARBA,-148.50,17-02,66111147.18 
17/02/2025,IMPUESTO DEBITO -LEY 25413,-0.89,17-02,66111146.29 
17/02/2025,CR.TRAN. 30574816870 AMERICAN EXPRESS,90724.40,17-02,66201870.69 
17/02/2025,IMPUESTO CREDITO -LEY 25413    0001,-544.35,17-02,66201326.34 
17/02/2025,RETENCION ARBA                 0001,-2268.10,17-02,66199058.24 
17/02/2025,IMPUESTO DEBITO -LEY 25413     0001,-13.61,17-02,66199044.63 
17/02/2025,CR.DEBIN 17/02-S.580065 C:30657033770,3367.09,17-02,66202411.72 
17/02/2025,IMPUESTO CREDITO -LEY 25413,-20.20,17-02,66202391.52 
17/02/2025,RETENCION ARBA,-84.10,17-02,66202307.42 
17/02/2025,IMPUESTO DEBITO -LEY 25413,-0.50,17-02,66202306.92 
17/02/2025,CR.DEBIN 17/02-S.920138 C:30657033770,3961.28,17-02,66206268.20 
17/02/2025,IMPUESTO CREDITO -LEY 25413,-23.77,17-02,66206244.43 
17/02/2025,RETENCION ARBA,-99.00,17-02,66206145.43 
17/02/2025,IMPUESTO DEBITO -LEY 25413,-0.59,17-02,66206144.84 
17/02/2025,CR.DEBIN 17/02-S.344747 C:30657033770,17825.76,17-02,66223970.60 
17/02/2025,IMPUESTO CREDITO -LEY 25413,-106.95,17-02,66223863.65 
17/02/2025,RETENCION ARBA,-445.60,17-02,66223418.05 
17/02/2025,IMPUESTO DEBITO -LEY 25413,-2.67,17-02,66223415.38 
17/02/2025,CR.DEBIN 17/02-S.345516 C:30657033770,9903.20,17-02,66233318.58 
17/02/2025,IMPUESTO CREDITO -LEY 25413,-59.42,17-02,66233259.16 
17/02/2025,RETENCION ARBA,-247.50,17-02,66233011.66 
17/02/2025,IMPUESTO DEBITO -LEY 25413,-1.49,17-02,66233010.17 
17/02/2025,CR.DEBIN 17/02-S.350722 C:30657033770,26738.64,17-02,66259748.81 
17/02/2025,IMPUESTO CREDITO -LEY 25413,-160.43,17-02,66259588.38 
17/02/2025,RETENCION ARBA,-668.40,17-02,66258919.98 
17/02/2025,IMPUESTO DEBITO -LEY 25413,-4.01,17-02,66258915.97 
17/02/2025,CR.DEBIN 17/02-S.914063 C:30657033770,2970.96,17-02,66261886.93 
17/02/2025,IMPUESTO CREDITO -LEY 25413,-17.83,17-02,66261869.10 
17/02/2025,RETENCION ARBA,-74.20,17-02,66261794.90 
17/02/2025,IMPUESTO DEBITO -LEY 25413,-0.45,17-02,66261794.45 
17/02/2025,CR.DEBIN 17/02-S.357097 C:30657033770,19311.24,17-02,66281105.69 
17/02/2025,IMPUESTO CREDITO -LEY 25413,-115.87,17-02,66280989.82 
17/02/2025,RETENCION ARBA,-482.70,17-02,66280507.12 
17/02/2025,IMPUESTO DEBITO -LEY 25413,-2.90,17-02,66280504.22 
17/02/2025,CR.DEBIN 17/02-S.176377 C:30657033770,30105.73,17-02,66310609.95 
17/02/2025,IMPUESTO CREDITO -LEY 25413,-180.63,17-02,66310429.32 
17/02/2025,RETENCION ARBA,-752.60,17-02,66309676.72 
17/02/2025,IMPUESTO DEBITO -LEY 25413,-4.52,17-02,66309672.20 
17/02/2025,CR.DEBIN 17/02-S.936610 C:30657033770,12676.10,17-02,66322348.30 
17/02/2025,IMPUESTO CREDITO -LEY 25413,-76.06,17-02,66322272.24 
17/02/2025,RETENCION ARBA,-316.90,17-02,66321955.34 
17/02/2025,IMPUESTO DEBITO -LEY 25413,-1.90,17-02,66321953.44 
17/02/2025,CR.DEBIN 17/02-S.937588 C:30657033770,16934.47,17-02,66338887.91 
17/02/2025,IMPUESTO CREDITO -LEY 25413,-101.61,17-02,66338786.30 
17/02/2025,RETENCION ARBA,-423.30,17-02,66338363.00 
17/02/2025,IMPUESTO DEBITO -LEY 25413,-2.54,17-02,66338360.46 
17/02/2025,PAGOS A COMERCIOS VISA - L. 0000222784 - C. 00003907330,767933.21,17-02,67106293.67 
17/02/2025,IMPUESTO CREDITO -LEY 25413    1002 MEDIOS DE PAGO,-4607.60,17-02,67101686.07 
17/02/2025,RETENCION ARBA                 1002 MEDIOS DE PAGO,-19198.30,17-02,67082487.77 
17/02/2025,IMPUESTO DEBITO -LEY 25413     1002 MEDIOS DE PAGO,-115.19,17-02,67082372.58 
17/02/2025,PAGOS A COMERCIOS MASTERCARD - L. 0000222756 - C. 00003907330,110519.45,17-02,67192892.03 
17/02/2025,IMPUESTO CREDITO -LEY 25413    1002 MEDIOS DE PAGO,-663.12,17-02,67192228.91 
17/02/2025,RETENCION ARBA                 1002 MEDIOS DE PAGO,-2762.90,17-02,67189466.01 
17/02/2025,IMPUESTO DEBITO -LEY 25413     1002 MEDIOS DE PAGO,-16.58,17-02,67189449.43 
17/02/2025,CARGO A COMERCIOS MASTERCARD - L. 0000222686 - C. 00003907330,-4270.64,17-02,67185178.79 
17/02/2025,CR.DEBIN 17/02-S.643311 C:30657033770,808.10,17-02,67185986.89 
17/02/2025,IMPUESTO CREDITO -LEY 25413,-4.85,17-02,67185982.04 
17/02/2025,RETENCION ARBA,-20.20,17-02,67185961.84 
17/02/2025,IMPUESTO DEBITO -LEY 25413,-0.12,17-02,67185961.72 
17/02/2025,CR.DEBIN 17/02-S.969875 C:30657033770,2281.70,17-02,67188243.42 
17/02/2025,IMPUESTO CREDITO -LEY 25413,-13.69,17-02,67188229.73 
17/02/2025,RETENCION ARBA,-57.00,17-02,67188172.73 
17/02/2025,IMPUESTO DEBITO -LEY 25413,-0.34,17-02,67188172.39 
17/02/2025,CR.DEBIN 17/02-S.973563 C:30657033770,12527.55,17-02,67200699.94 
17/02/2025,IMPUESTO CREDITO -LEY 25413,-75.17,17-02,67200624.77 
17/02/2025,RETENCION ARBA,-313.10,17-02,67200311.67 
17/02/2025,IMPUESTO DEBITO -LEY 25413,-1.88,17-02,67200309.79 
17/02/2025,CR.DEBIN 17/02-S.670444 C:30657033770,17132.54,17-02,67217442.33 
17/02/2025,IMPUESTO CREDITO -LEY 25413,-102.80,17-02,67217339.53 
17/02/2025,RETENCION ARBA,-428.30,17-02,67216911.23 
17/02/2025,IMPUESTO DEBITO -LEY 25413,-2.57,17-02,67216908.66 
17/02/2025,CR.DEBIN 17/02-S.674258 C:30657033770,11883.84,17-02,67228792.50 
17/02/2025,IMPUESTO CREDITO -LEY 25413,-71.30,17-02,67228721.20 
17/02/2025,RETENCION ARBA,-297.00,17-02,67228424.20 
17/02/2025,IMPUESTO DEBITO -LEY 25413,-1.78,17-02,67228422.42 
17/02/2025,CR.DEBIN 17/02-S.233208 C:30657033770,6932.24,17-02,67235354.66 
17/02/2025,IMPUESTO CREDITO -LEY 25413,-41.59,17-02,67235313.07 
17/02/2025,RETENCION ARBA,-173.30,17-02,67235139.77 
17/02/2025,IMPUESTO DEBITO -LEY 25413,-1.04,17-02,67235138.73 
17/02/2025,CR.DEBIN 17/02-S.077214 C:30657033770,9507.07,17-02,67244645.80 
17/02/2025,IMPUESTO CREDITO -LEY 25413,-57.04,17-02,67244588.76 
17/02/2025,RETENCION ARBA,-237.60,17-02,67244351.16 
17/02/2025,IMPUESTO DEBITO -LEY 25413,-1.43,17-02,67244349.73 
17/02/2025,CR.TRAN. 30624944255ETESORERIA GENERAL PCIA BS 00D00,809222.94,17-02,68053572.67 
17/02/2025,IMPUESTO CREDITO -LEY 25413    2000 REGION Y CASA MATRIZ LA P,-4855.34,17-02,68048717.33 
17/02/2025,RETENCION ARBA                 2000 REGION Y CASA MATRIZ LA P,-20230.50,17-02,68028486.83 
17/02/2025,IMPUESTO DEBITO -LEY 25413     2000 REGION Y CASA MATRIZ LA P,-121.38,17-02,68028365.45 
17/02/2025,CR.TRAN. 30624944255ETESORERIA GENERAL PCIA BS 00D00,245539.35,17-02,68273904.80 
17/02/2025,IMPUESTO CREDITO -LEY 25413    2000 REGION Y CASA MATRIZ LA P,-1473.24,17-02,68272431.56 
17/02/2025,RETENCION ARBA                 2000 REGION Y CASA MATRIZ LA P,-6138.40,17-02,68266293.16 
17/02/2025,IMPUESTO DEBITO -LEY 25413     2000 REGION Y CASA MATRIZ LA P,-36.83,17-02,68266256.33 
17/02/2025,CR.TRAN. 30624944255ETESORERIA GENERAL PCIA BS 00D00,6349447.66,17-02,74615703.99 
17/02/2025,IMPUESTO CREDITO -LEY 25413    2000 REGION Y CASA MATRIZ LA P,-38096.69,17-02,74577607.30 
17/02/2025,RETENCION ARBA                 2000 REGION Y CASA MATRIZ LA P,-158736.10,17-02,74418871.20 
17/02/2025,IMPUESTO DEBITO -LEY 25413     2000 REGION Y CASA MATRIZ LA P,-952.42,17-02,74417918.78 
17/02/2025,CR.TRAN. 30624944255ETESORERIA GENERAL PCIA BS 00D00,459210.74,17-02,74877129.52 
17/02/2025,IMPUESTO CREDITO -LEY 25413    2000 REGION Y CASA MATRIZ LA P,-2755.26,17-02,74874374.26 
17/02/2025,RETENCION ARBA                 2000 REGION Y CASA MATRIZ LA P,-11480.20,17-02,74862894.06 
17/02/2025,IMPUESTO DEBITO -LEY 25413     2000 REGION Y CASA MATRIZ LA P,-68.88,17-02,74862825.18 
17/02/2025,CR.DEBIN 17/02-S.252200 C:30657033770,7922.56,17-02,74870747.74 
17/02/2025,IMPUESTO CREDITO -LEY 25413,-47.54,17-02,74870700.20 
17/02/2025,RETENCION ARBA,-198.00,17-02,74870502.20 
17/02/2025,IMPUESTO DEBITO -LEY 25413,-1.19,17-02,74870501.01 
17/02/2025,CR.DEBIN 17/02-S.093539 C:30657033770,4753.54,17-02,74875254.55 
17/02/2025,IMPUESTO CREDITO -LEY 25413,-28.52,17-02,74875226.03 
17/02/2025,RETENCION ARBA,-118.80,17-02,74875107.23 
17/02/2025,IMPUESTO DEBITO -LEY 25413,-0.71,17-02,74875106.52 
17/02/2025,CR.DEBIN 17/02-S.011587 C:30657033770,6932.24,17-02,74882038.76 
17/02/2025,IMPUESTO CREDITO -LEY 25413,-41.59,17-02,74881997.17 
17/02/2025,RETENCION ARBA,-173.30,17-02,74881823.87 
17/02/2025,IMPUESTO DEBITO -LEY 25413,-1.04,17-02,74881822.83 
17/02/2025,CR.DEBIN 17/02-S.261440 C:30657033770,5446.76,17-02,74887269.59 
17/02/2025,IMPUESTO CREDITO -LEY 25413,-32.68,17-02,74887236.91 
17/02/2025,RETENCION ARBA,-136.10,17-02,74887100.81 
17/02/2025,IMPUESTO DEBITO -LEY 25413,-0.82,17-02,74887099.99 
17/02/2025,CR.DEBIN 17/02-S.458981 C:30657033770,5446.76,17-02,74892546.75 
17/02/2025,IMPUESTO CREDITO -LEY 25413,-32.68,17-02,74892514.07 
17/02/2025,RETENCION ARBA,-136.10,17-02,74892377.97 
17/02/2025,IMPUESTO DEBITO -LEY 25413,-0.82,17-02,74892377.15 
17/02/2025,CR.DEBIN 17/02-S.319663 C:30657033770,13864.48,17-02,74906241.63 
17/02/2025,IMPUESTO CREDITO -LEY 25413,-83.19,17-02,74906158.44 
17/02/2025,RETENCION ARBA,-346.60,17-02,74905811.84 
17/02/2025,IMPUESTO DEBITO -LEY 25413,-2.08,17-02,74905809.76 
17/02/2025,P.SERV 17/02-COM.617414 -ENTE950 -30657033770,-6160666.64,17-02,68745143.12 
17/02/2025,IMPUESTO DEBITO -LEY 25413,-36964.00,17-02,68708179.12 
17/02/2025,P.SERV 17/02-COM.624218 -ENTE950 -30657033770,-14694509.70,17-02,54013669.42 
17/02/2025,IMPUESTO DEBITO -LEY 25413,-88167.06,17-02,53925502.36 
17/02/2025,BIP CR TR 17/02-C.000299680615 ORI:0014-03-200006877028,272000.00,17-02,54197502.36 
17/02/2025,IMPUESTO CREDITO -LEY 25413    2000 REGION Y CASA MATRIZ LA P,-1632.00,17-02,54195870.36 
17/02/2025,RETENCION ARBA                 2000 REGION Y CASA MATRIZ LA P,-6800.00,17-02,54189070.36 
17/02/2025,IMPUESTO DEBITO -LEY 25413     2000 REGION Y CASA MATRIZ LA P,-40.80,17-02,54189029.56 
17/02/2025,REVERSA RETENCION ARBA,158736.10,17-02,54347765.66 
17/02/2025,REVERSA RETENCION ARBA,20230.50,17-02,54367996.16 
17/02/2025,REVERSA RETENCION ARBA,11480.20,17-02,54379476.36 
17/02/2025,REVERSA RETENCION ARBA,6138.40,17-02,54385614.76 
17/02/2025,REV. IMP.DEBITO.-LEY 25413,952.42,17-02,54386567.18 
17/02/2025,REV. IMP.DEBITO.-LEY 25413,121.38,17-02,54386688.56 
17/02/2025,REV. IMP.DEBITO.-LEY 25413,68.88,17-02,54386757.44 
17/02/2025,REV. IMP.DEBITO.-LEY 25413,36.83,17-02,54386794.27 
17/02/2025,COMISION DATANET,-45.36,17-02,54386748.91 
17/02/2025,IMPUESTO DEBITO -LEY 25413,-0.27,17-02,54386748.64 
17/02/2025,COMISION DATANET,-352.36,17-02,54386396.28 
17/02/2025,IMPUESTO DEBITO -LEY 25413,-2.11,17-02,54386394.17 
17/02/2025,COMISION DATANET,-3579.33,17-02,54382814.84 
17/02/2025,IMPUESTO I.BRUTOS - PERCEPCION,-178.97,17-02,54382635.87 
17/02/2025,IMPUESTO DEBITO -LEY 25413,-21.48,17-02,54382614.39 
17/02/2025,IMPUESTO DEBITO -LEY 25413,-1.07,17-02,54382613.32 
18/02/2025,CHEQUE DE CAMARA 005869872,-2000000.00,18-02,52382613.32 
18/02/2025,IMPUESTO DEBITO -LEY 25413     1950 COMPENSACION DE VALORES,-12000.00,18-02,52370613.32 
18/02/2025,CHEQUE DE CAMARA 009687294,-3629390.94,18-02,48741222.38 
18/02/2025,IMPUESTO DEBITO -LEY 25413     1950 COMPENSACION DE VALORES,-21776.35,18-02,48719446.03 
18/02/2025,CHEQUE DE CAMARA 009687298,-2000000.00,18-02,46719446.03 
18/02/2025,IMPUESTO DEBITO -LEY 25413     1950 COMPENSACION DE VALORES,-12000.00,18-02,46707446.03 
18/02/2025,CHEQUE DE CAMARA 009687303,-574071.59,18-02,46133374.44 
18/02/2025,IMPUESTO DEBITO -LEY 25413     1950 COMPENSACION DE VALORES,-3444.43,18-02,46129930.01 
18/02/2025,CHEQUE DE CAMARA 009687311,-897120.00,18-02,45232810.01 
18/02/2025,IMPUESTO DEBITO -LEY 25413     1950 COMPENSACION DE VALORES,-5382.72,18-02,45227427.29 
18/02/2025,CHEQUE DE CAMARA 009687314,-648200.71,18-02,44579226.58 
18/02/2025,IMPUESTO DEBITO -LEY 25413     1950 COMPENSACION DE VALORES,-3889.20,18-02,44575337.38 
18/02/2025,PAGOS A COMERCIOS VISA - L. 0000222948 - C. 00003907330,894072.10,18-02,45469409.48 
18/02/2025,IMPUESTO CREDITO -LEY 25413    1002 MEDIOS DE PAGO,-5364.43,18-02,45464045.05 
18/02/2025,RETENCION ARBA                 1002 MEDIOS DE PAGO,-22351.80,18-02,45441693.25 
18/02/2025,IMPUESTO DEBITO -LEY 25413     1002 MEDIOS DE PAGO,-134.11,18-02,45441559.14 
18/02/2025,PAGOS A COMERCIOS VISA - L. 0000223060 - C. 00003907330,360522.69,18-02,45802081.83 
18/02/2025,IMPUESTO CREDITO -LEY 25413    1002 MEDIOS DE PAGO,-2163.14,18-02,45799918.69 
18/02/2025,RETENCION ARBA                 1002 MEDIOS DE PAGO,-9013.00,18-02,45790905.69 
18/02/2025,IMPUESTO DEBITO -LEY 25413     1002 MEDIOS DE PAGO,-54.08,18-02,45790851.61 
18/02/2025,PAGOS A COMERCIOS MASTERCARD - L. 0000223005 - C. 00003907330,233061.06,18-02,46023912.67 
18/02/2025,IMPUESTO CREDITO -LEY 25413    1002 MEDIOS DE PAGO,-1398.37,18-02,46022514.30 
18/02/2025,RETENCION ARBA                 1002 MEDIOS DE PAGO,-5826.50,18-02,46016687.80 
18/02/2025,IMPUESTO DEBITO -LEY 25413     1002 MEDIOS DE PAGO,-34.96,18-02,46016652.84 
18/02/2025,PAGOS A COMERCIOS MASTERCARD - L. 0000222906 - C. 00003907330,69183.82,18-02,46085836.66 
18/02/2025,IMPUESTO CREDITO -LEY 25413    1002 MEDIOS DE PAGO,-415.10,18-02,46085421.56 
18/02/2025,RETENCION ARBA                 1002 MEDIOS DE PAGO,-1729.50,18-02,46083692.06 
18/02/2025,IMPUESTO DEBITO -LEY 25413     1002 MEDIOS DE PAGO,-10.38,18-02,46083681.68 
18/02/2025,CARGO A COMERCIOS MASTERCARD - L. 0000222832 - C. 00003907330,-5668.21,18-02,46078013.47 
18/02/2025,CR.TRAN. 30624944255ETESORERIA GENERAL PCIA BS 00D00,4477052.70,18-02,50555066.17 
18/02/2025,IMPUESTO CREDITO -LEY 25413    2000 REGION Y CASA MATRIZ LA P,-26862.32,18-02,50528203.85 
18/02/2025,RETENCION ARBA                 2000 REGION Y CASA MATRIZ LA P,-111926.30,18-02,50416277.55 
18/02/2025,IMPUESTO DEBITO -LEY 25413     2000 REGION Y CASA MATRIZ LA P,-671.56,18-02,50415605.99 
18/02/2025,CR.DEBIN 18/02-S.594349 C:30657033770,25550.26,18-02,50441156.25 
18/02/2025,IMPUESTO CREDITO -LEY 25413,-153.30,18-02,50441002.95 
18/02/2025,RETENCION ARBA,-638.70,18-02,50440364.25 
18/02/2025,IMPUESTO DEBITO -LEY 25413,-3.83,18-02,50440360.42 
18/02/2025,CRED.TRF.18/02-C.137856 D:30520912963 N:TAIUTI CONSTRUC,758309.89,18-02,51198670.31 
18/02/2025,IMPUESTO CREDITO -LEY 25413,-4549.86,18-02,51194120.45 
18/02/2025,RETENCION ARBA,-18957.70,18-02,51175162.75 
18/02/2025,IMPUESTO DEBITO -LEY 25413,-113.75,18-02,51175049.00 
18/02/2025,CRED.TRF.18/02-C.137871 D:30520912963 N:TAIUTI CONSTRUC,759690.00,18-02,51934739.00 
18/02/2025,IMPUESTO CREDITO -LEY 25413,-4558.14,18-02,51930180.86 
18/02/2025,RETENCION ARBA,-18992.20,18-02,51911188.66 
18/02/2025,IMPUESTO DEBITO -LEY 25413,-113.95,18-02,51911074.71 
18/02/2025,CRED.TRF.18/02-C.264776 D:30520912963 N:TAIUTI CONSTRUC,408122.00,18-02,52319196.71 
18/02/2025,IMPUESTO CREDITO -LEY 25413,-2448.73,18-02,52316747.98 
18/02/2025,RETENCION ARBA,-10203.00,18-02,52306544.98 
18/02/2025,IMPUESTO DEBITO -LEY 25413,-61.22,18-02,52306483.76 
18/02/2025,CRED.TRF.18/02-C.264815 D:30520912963 N:TAIUTI CONSTRUC,449878.00,18-02,52756361.76 
18/02/2025,IMPUESTO CREDITO -LEY 25413,-2699.27,18-02,52753662.49 
18/02/2025,RETENCION ARBA,-11246.90,18-02,52742415.59 
18/02/2025,IMPUESTO DEBITO -LEY 25413,-67.48,18-02,52742348.11 
18/02/2025,CR.DEBIN 18/02-S.528370 C:30657033770,16439.31,18-02,52758787.42 
18/02/2025,IMPUESTO CREDITO -LEY 25413,-98.64,18-02,52758688.78 
18/02/2025,RETENCION ARBA,-410.90,18-02,52758277.88 
18/02/2025,IMPUESTO DEBITO -LEY 25413,-2.47,18-02,52758275.41 
18/02/2025,CR.DEBIN 18/02-S.620537 C:30657033770,25946.38,18-02,52784221.79 
18/02/2025,IMPUESTO CREDITO -LEY 25413,-155.68,18-02,52784066.11 
18/02/2025,RETENCION ARBA,-648.60,18-02,52783417.51 
18/02/2025,IMPUESTO DEBITO -LEY 25413,-3.89,18-02,52783413.62 
18/02/2025,CR.DEBIN 18/02-S.782149 C:30657033770,5050.63,18-02,52788464.25 
18/02/2025,IMPUESTO CREDITO -LEY 25413,-30.30,18-02,52788433.95 
18/02/2025,RETENCION ARBA,-126.20,18-02,52788307.75 
18/02/2025,IMPUESTO DEBITO -LEY 25413,-0.76,18-02,52788306.99 
18/02/2025,CR.DEBIN 18/02-S.631557 C:30657033770,8912.88,18-02,52797219.87 
18/02/2025,IMPUESTO CREDITO -LEY 25413,-53.48,18-02,52797166.39 
18/02/2025,RETENCION ARBA,-222.80,18-02,52796943.59 
18/02/2025,IMPUESTO DEBITO -LEY 25413,-1.34,18-02,52796942.25 
18/02/2025,MINISTERIO PUBLI 30707216669 BCO.014 REF.GEP20250014862,2856531.50,18-02,55653473.75 
18/02/2025,IMPUESTO CREDITO -LEY 25413,-17139.17,18-02,55636334.58 
18/02/2025,RETENCION ARBA,-71413.20,18-02,55564921.38 
18/02/2025,IMPUESTO DEBITO -LEY 25413,-428.48,18-02,55564492.90 
18/02/2025,COMISION TRANSFERENCIA/GIRO    2000 REGION Y CASA MATRIZ LA P,-2.50,18-02,55564490.40 
18/02/2025,REVERSA RETENCION ARBA,111926.30,18-02,55676416.70 
18/02/2025,REV. IMP.DEBITO.-LEY 25413,671.56,18-02,55677088.26 
18/02/2025,COMISION DATANET,-2238.52,18-02,55674849.74 
18/02/2025,IMPUESTO DEBITO -LEY 25413,-13.43,18-02,55674836.31 
19/02/2025,CR.DEBIN 18/02-S.838882 C:30657033770,76254.64,19-02,55751090.95 
19/02/2025,CR.DEBIN 18/02-S.267750 C:30657033770,14359.64,19-02,55765450.59 
19/02/2025,CR.DEBIN 18/02-S.828633 C:30657033770,8516.75,19-02,55773967.34 
19/02/2025,CR.DEBIN 18/02-S.264704 C:30657033770,1980.64,19-02,55775947.98 
19/02/2025,CHEQUE DE CAMARA 009687285,-3500000.00,19-02,52275947.98 
19/02/2025,IMPUESTO DEBITO -LEY 25413     1950 COMPENSACION DE VALORES,-21000.00,19-02,52254947.98 
19/02/2025,CR.DEBIN 19/02-S.201568 C:30657033770,6734.18,19-02,52261682.16 
19/02/2025,IMPUESTO CREDITO -LEY 25413,-40.41,19-02,52261641.75 
19/02/2025,RETENCION ARBA,-168.30,19-02,52261473.45 
19/02/2025,IMPUESTO DEBITO -LEY 25413,-1.01,19-02,52261472.44 
19/02/2025,P.SERV 19/02-COM.741099 -ENTE950 -30657033770,-19464.25,19-02,52242008.19 
19/02/2025,IMPUESTO DEBITO -LEY 25413,-116.79,19-02,52241891.40 
19/02/2025,CR.DEBIN 19/02-S.478971 C:30657033770,4456.44,19-02,52246347.84 
19/02/2025,IMPUESTO CREDITO -LEY 25413,-26.74,19-02,52246321.10 
19/02/2025,RETENCION ARBA,-111.40,19-02,52246209.70 
19/02/2025,IMPUESTO DEBITO -LEY 25413,-0.67,19-02,52246209.03 
19/02/2025,PAGOS A COMERCIOS VISA - L. 0000223150 - C. 00003907330,367349.94,19-02,52613558.97 
19/02/2025,IMPUESTO CREDITO -LEY 25413    1002 MEDIOS DE PAGO,-2204.10,19-02,52611354.87 
19/02/2025,RETENCION ARBA                 1002 MEDIOS DE PAGO,-9183.70,19-02,52602171.17 
19/02/2025,IMPUESTO DEBITO -LEY 25413     1002 MEDIOS DE PAGO,-55.10,19-02,52602116.07 
19/02/2025,PAGOS A COMERCIOS MASTERCARD - L. 0000223118 - C. 00003907330,88784.28,19-02,52690900.35 
19/02/2025,IMPUESTO CREDITO -LEY 25413    1002 MEDIOS DE PAGO,-532.71,19-02,52690367.64 
19/02/2025,RETENCION ARBA                 1002 MEDIOS DE PAGO,-2219.60,19-02,52688148.04 
19/02/2025,IMPUESTO DEBITO -LEY 25413     1002 MEDIOS DE PAGO,-13.32,19-02,52688134.72 
19/02/2025,PAGOS A COMERCIOS VISA - L. 0000223236 - C. 00003907330,70576.52,19-02,52758711.24 
19/02/2025,IMPUESTO CREDITO -LEY 25413    1002 MEDIOS DE PAGO,-423.46,19-02,52758287.78 
19/02/2025,RETENCION ARBA                 1002 MEDIOS DE PAGO,-1764.40,19-02,52756523.38 
19/02/2025,IMPUESTO DEBITO -LEY 25413     1002 MEDIOS DE PAGO,-10.59,19-02,52756512.79 
19/02/2025,PAGOS A COMERCIOS MASTERCARD - L. 0000223193 - C. 00003907330,27252.58,19-02,52783765.37 
19/02/2025,IMPUESTO CREDITO -LEY 25413    1002 MEDIOS DE PAGO,-163.52,19-02,52783601.85 
19/02/2025,RETENCION ARBA                 1002 MEDIOS DE PAGO,-681.30,19-02,52782920.55 
19/02/2025,IMPUESTO DEBITO -LEY 25413     1002 MEDIOS DE PAGO,-4.09,19-02,52782916.46 
19/02/2025,CARGO A COMERCIOS MASTERCARD - L. 0000223022 - C. 00003907330,-2181.44,19-02,52780735.02 
19/02/2025,CR.DEBIN 19/02-S.238154 C:30657033770,16934.47,19-02,52797669.49 
19/02/2025,IMPUESTO CREDITO -LEY 25413,-101.61,19-02,52797567.88 
19/02/2025,RETENCION ARBA,-423.30,19-02,52797144.58 
19/02/2025,IMPUESTO DEBITO -LEY 25413,-2.54,19-02,52797142.04 
19/02/2025,CR.DEBIN 19/02-S.520990 C:30657033770,7823.53,19-02,52804965.57 
19/02/2025,IMPUESTO CREDITO -LEY 25413,-46.94,19-02,52804918.63 
19/02/2025,RETENCION ARBA,-195.50,19-02,52804723.13 
19/02/2025,IMPUESTO DEBITO -LEY 25413,-1.17,19-02,52804721.96 
19/02/2025,CR.DEBIN 19/02-S.943040 C:30657033770,7922.56,19-02,52812644.52 
19/02/2025,IMPUESTO CREDITO -LEY 25413,-47.54,19-02,52812596.98 
19/02/2025,RETENCION ARBA,-198.00,19-02,52812398.98 
19/02/2025,IMPUESTO DEBITO -LEY 25413,-1.19,19-02,52812397.79 
19/02/2025,CR.DEBIN 19/02-S.543593 C:30657033770,7922.56,19-02,52820320.35 
19/02/2025,IMPUESTO CREDITO -LEY 25413,-47.54,19-02,52820272.81 
19/02/2025,RETENCION ARBA,-198.00,19-02,52820074.81 
19/02/2025,IMPUESTO DEBITO -LEY 25413,-1.19,19-02,52820073.62 
19/02/2025,CR.DEBIN 19/02-S.968449 C:30657033770,7922.56,19-02,52827996.18 
19/02/2025,IMPUESTO CREDITO -LEY 25413,-47.54,19-02,52827948.64 
19/02/2025,RETENCION ARBA,-198.00,19-02,52827750.64 
19/02/2025,IMPUESTO DEBITO -LEY 25413,-1.19,19-02,52827749.45 
19/02/2025,DB.DEBIN 19/02-S.149459 C:33714438129,-128200.00,19-02,52699549.45 
19/02/2025,IMPUESTO DEBITO -LEY 25413,-769.20,19-02,52698780.25 
19/02/2025,CR.DEBIN 19/02-S.299186 C:30657033770,7922.56,19-02,52706702.81 
19/02/2025,IMPUESTO CREDITO -LEY 25413,-47.54,19-02,52706655.27 
19/02/2025,RETENCION ARBA,-198.00,19-02,52706457.27 
19/02/2025,IMPUESTO DEBITO -LEY 25413,-1.19,19-02,52706456.08 
19/02/2025,CR.DEBIN 19/02-S.319008 C:30657033770,6654.95,19-02,52713111.03 
19/02/2025,IMPUESTO CREDITO -LEY 25413,-39.93,19-02,52713071.10 
19/02/2025,RETENCION ARBA,-166.30,19-02,52712904.80 
19/02/2025,IMPUESTO DEBITO -LEY 25413,-1.00,19-02,52712903.80 
19/02/2025,CR.DEBIN 19/02-S.905830 C:30657033770,4456.44,19-02,52717360.24 
19/02/2025,IMPUESTO CREDITO -LEY 25413,-26.74,19-02,52717333.50 
19/02/2025,RETENCION ARBA,-111.40,19-02,52717222.10 
19/02/2025,IMPUESTO DEBITO -LEY 25413,-0.67,19-02,52717221.43 
19/02/2025,CR.TRAN. 30715803891 RAPPI ARG SAS,26471.04,19-02,52743692.47 
19/02/2025,IMPUESTO CREDITO -LEY 25413    0814,-158.83,19-02,52743533.64 
19/02/2025,RETENCION ARBA                 0814,-661.70,19-02,52742871.94 
19/02/2025,IMPUESTO DEBITO -LEY 25413     0814,-3.97,19-02,52742867.97 
19/02/2025,CR.DEBIN 19/02-S.921716 C:30657033770,8912.88,19-02,52751780.85 
19/02/2025,IMPUESTO CREDITO -LEY 25413,-53.48,19-02,52751727.37 
19/02/2025,RETENCION ARBA,-222.80,19-02,52751504.57 
19/02/2025,IMPUESTO DEBITO -LEY 25413,-1.34,19-02,52751503.23 
19/02/2025,CR.DEBIN 19/02-S.195916 C:30657033770,12775.13,19-02,52764278.36 
19/02/2025,IMPUESTO CREDITO -LEY 25413,-76.65,19-02,52764201.71 
19/02/2025,RETENCION ARBA,-319.30,19-02,52763882.41 
19/02/2025,IMPUESTO DEBITO -LEY 25413,-1.92,19-02,52763880.49 
19/02/2025,BIP CR TR 19/02-C.000308324539 ORI:0014-03-200006877028,960000.00,19-02,53723880.49 
19/02/2025,IMPUESTO CREDITO -LEY 25413    2000 REGION Y CASA MATRIZ LA P,-5760.00,19-02,53718120.49 
19/02/2025,RETENCION ARBA                 2000 REGION Y CASA MATRIZ LA P,-24000.00,19-02,53694120.49 
19/02/2025,IMPUESTO DEBITO -LEY 25413     2000 REGION Y CASA MATRIZ LA P,-144.00,19-02,53693976.49 
20/02/2025,CHEQUE DE CAMARA 009687280,-1503718.00,20-02,52190258.49 
20/02/2025,IMPUESTO DEBITO -LEY 25413     1950 COMPENSACION DE VALORES,-9022.31,20-02,52181236.18 
20/02/2025,CHEQUE DE CAMARA 009687305,-1043600.11,20-02,51137636.07 
20/02/2025,IMPUESTO DEBITO -LEY 25413     1950 COMPENSACION DE VALORES,-6261.60,20-02,51131374.47 
20/02/2025,CHEQUE DE CAMARA 009687318,-3529407.25,20-02,47601967.22 
20/02/2025,IMPUESTO DEBITO -LEY 25413     1950 COMPENSACION DE VALORES,-21176.44,20-02,47580790.78 
20/02/2025,CHEQUE DE CAMARA 009687323,-1500000.00,20-02,46080790.78 
20/02/2025,IMPUESTO DEBITO -LEY 25413     1950 COMPENSACION DE VALORES,-9000.00,20-02,46071790.78 
20/02/2025,PAGO CUOTA,COM,GASTOS PRESTAMO 1987 BIYCSA,-296962.91,20-02,45774827.87 
20/02/2025,IMPUESTO DEBITO -LEY 25413,-1781.78,20-02,45773046.09 
20/02/2025,PAGO CUOTA,COM,GASTOS PRESTAMO 1987 BIYCSA,-1000000.00,20-02,44773046.09 
20/02/2025,IMPUESTO DEBITO -LEY 25413,-6000.00,20-02,44767046.09 
20/02/2025,CR.DEBIN 20/02-S.897686 C:30657033770,14359.64,20-02,44781405.73 
20/02/2025,IMPUESTO CREDITO -LEY 25413,-86.16,20-02,44781319.57 
20/02/2025,RETENCION ARBA,-358.90,20-02,44780960.67 
20/02/2025,IMPUESTO DEBITO -LEY 25413,-2.15,20-02,44780958.52 
20/02/2025,PAGOS A COMERCIOS VISA - L. 0000223317 - C. 00003907330,299973.95,20-02,45080932.47 
20/02/2025,IMPUESTO CREDITO -LEY 25413    1002 MEDIOS DE PAGO,-1799.84,20-02,45079132.63 
20/02/2025,RETENCION ARBA                 1002 MEDIOS DE PAGO,-7499.30,20-02,45071633.33 
20/02/2025,IMPUESTO DEBITO -LEY 25413     1002 MEDIOS DE PAGO,-45.00,20-02,45071588.33 
20/02/2025,PAGOS A COMERCIOS VISA - L. 0000223395 - C. 00003907330,250068.65,20-02,45321656.98 
20/02/2025,IMPUESTO CREDITO -LEY 25413    1002 MEDIOS DE PAGO,-1500.41,20-02,45320156.57 
20/02/2025,RETENCION ARBA                 1002 MEDIOS DE PAGO,-6251.70,20-02,45313904.87 
20/02/2025,IMPUESTO DEBITO -LEY 25413     1002 MEDIOS DE PAGO,-37.51,20-02,45313867.36 
20/02/2025,PAGOS A COMERCIOS MASTERCARD - L. 0000223293 - C. 00003907330,41141.57,20-02,45355008.93 
20/02/2025,IMPUESTO CREDITO -LEY 25413    1002 MEDIOS DE PAGO,-246.85,20-02,45354762.08 
20/02/2025,RETENCION ARBA                 1002 MEDIOS DE PAGO,-1028.50,20-02,45353733.58 
20/02/2025,IMPUESTO DEBITO -LEY 25413     1002 MEDIOS DE PAGO,-6.17,20-02,45353727.41 
20/02/2025,CARGO A COMERCIOS MASTERCARD - L. 0000223207 - C. 00003907330,-5093.80,20-02,45348633.61 
20/02/2025,CRED.TRF.20/02-C.631539 D:30707216669 N:PODER JUDICIAL,95000.00,20-02,45443633.61 
20/02/2025,IMPUESTO CREDITO -LEY 25413,-570.00,20-02,45443063.61 
20/02/2025,RETENCION ARBA,-2375.00,20-02,45440688.61 
20/02/2025,IMPUESTO DEBITO -LEY 25413,-14.25,20-02,45440674.36 
20/02/2025,CHEQUE POR VENTANILLA 009687389,-24000000.00,20-02,21440674.36 
20/02/2025,IMPUESTO DEBITO -LEY 25413,-144000.00,20-02,21296674.36 
20/02/2025,CR.DEBIN 20/02-S.930987 C:30657033770,27927.02,20-02,21324601.38 
20/02/2025,IMPUESTO CREDITO -LEY 25413,-167.56,20-02,21324433.82 
20/02/2025,RETENCION ARBA,-698.10,20-02,21323735.72 
20/02/2025,IMPUESTO DEBITO -LEY 25413,-4.19,20-02,21323731.53 
20/02/2025,CR.DEBIN 20/02-S.699892 C:30657033770,3466.12,20-02,21327197.65 
20/02/2025,IMPUESTO CREDITO -LEY 25413,-20.80,20-02,21327176.85 
20/02/2025,RETENCION ARBA,-86.60,20-02,21327090.25 
20/02/2025,IMPUESTO DEBITO -LEY 25413,-0.52,20-02,21327089.73 
20/02/2025,CR.DEBIN 20/02-S.971889 C:30657033770,12557.26,20-02,21339646.99 
20/02/2025,IMPUESTO CREDITO -LEY 25413,-75.34,20-02,21339571.65 
20/02/2025,RETENCION ARBA,-313.90,20-02,21339257.75 
20/02/2025,IMPUESTO DEBITO -LEY 25413,-1.88,20-02,21339255.87 
20/02/2025,CR.TRAN. 30624944255ETESORERIA GENERAL PCIA BS 00D00,670087.40,20-02,22009343.27 
20/02/2025,IMPUESTO CREDITO -LEY 25413    2000 REGION Y CASA MATRIZ LA P,-4020.52,20-02,22005322.75 
20/02/2025,RETENCION ARBA                 2000 REGION Y CASA MATRIZ LA P,-16752.10,20-02,21988570.65 
20/02/2025,IMPUESTO DEBITO -LEY 25413     2000 REGION Y CASA MATRIZ LA P,-100.51,20-02,21988470.14 
20/02/2025,CR.TRAN. 30624944255ETESORERIA GENERAL PCIA BS 00D00,1675944.09,20-02,23664414.23 
20/02/2025,IMPUESTO CREDITO -LEY 25413    2000 REGION Y CASA MATRIZ LA P,-10055.66,20-02,23654358.57 
20/02/2025,RETENCION ARBA                 2000 REGION Y CASA MATRIZ LA P,-41898.60,20-02,23612459.97 
20/02/2025,IMPUESTO DEBITO -LEY 25413     2000 REGION Y CASA MATRIZ LA P,-251.39,20-02,23612208.58 
20/02/2025,CR.TRAN. 30624944255ETESORERIA GENERAL PCIA BS 00D00,1251409.76,20-02,24863618.34 
20/02/2025,IMPUESTO CREDITO -LEY 25413    2000 REGION Y CASA MATRIZ LA P,-7508.46,20-02,24856109.88 
20/02/2025,RETENCION ARBA                 2000 REGION Y CASA MATRIZ LA P,-31285.20,20-02,24824824.68 
20/02/2025,IMPUESTO DEBITO -LEY 25413     2000 REGION Y CASA MATRIZ LA P,-187.71,20-02,24824636.97 
20/02/2025,CR.TRAN. 30624944255ETESORERIA GENERAL PCIA BS 00D00,1181038.36,20-02,26005675.33 
20/02/2025,IMPUESTO CREDITO -LEY 25413    2000 REGION Y CASA MATRIZ LA P,-7086.23,20-02,25998589.10 
20/02/2025,RETENCION ARBA                 2000 REGION Y CASA MATRIZ LA P,-29525.90,20-02,25969063.20 
20/02/2025,IMPUESTO DEBITO -LEY 25413     2000 REGION Y CASA MATRIZ LA P,-177.16,20-02,25968886.04 
20/02/2025,CR.TRAN. 30624944255ETESORERIA GENERAL PCIA BS 00D00,943936.20,20-02,26912822.24 
20/02/2025,IMPUESTO CREDITO -LEY 25413    2000 REGION Y CASA MATRIZ LA P,-5663.62,20-02,26907158.62 
20/02/2025,RETENCION ARBA                 2000 REGION Y CASA MATRIZ LA P,-23598.40,20-02,26883560.22 
20/02/2025,IMPUESTO DEBITO -LEY 25413     2000 REGION Y CASA MATRIZ LA P,-141.59,20-02,26883418.63 
20/02/2025,DEVOLUCION PAGO CH/OE,3529407.25,20-02,30412825.88 
20/02/2025,REVERSA RETENCION ARBA,41898.60,20-02,30454724.48 
20/02/2025,REVERSA RETENCION ARBA,31285.20,20-02,30486009.68 
20/02/2025,REVERSA RETENCION ARBA,29525.90,20-02,30515535.58 
20/02/2025,REVERSA RETENCION ARBA,23598.40,20-02,30539133.98 
20/02/2025,REV. IMP.DEBITO.-LEY 25413,21176.44,20-02,30560310.42 
20/02/2025,REVERSA RETENCION ARBA,16752.10,20-02,30577062.52 
20/02/2025,REV. IMP.DEBITO.-LEY 25413,251.39,20-02,30577313.91 
20/02/2025,REV. IMP.DEBITO.-LEY 25413,187.71,20-02,30577501.62 
20/02/2025,REV. IMP.DEBITO.-LEY 25413,177.16,20-02,30577678.78 
20/02/2025,REV. IMP.DEBITO.-LEY 25413,141.59,20-02,30577820.37 
20/02/2025,REV. IMP.DEBITO.-LEY 25413,100.51,20-02,30577920.88 
20/02/2025,COMISION DATANET,-335.04,20-02,30577585.84 
20/02/2025,IMPUESTO DEBITO -LEY 25413,-2.01,20-02,30577583.83 
20/02/2025,COMISION DATANET,-471.96,20-02,30577111.87 
20/02/2025,IMPUESTO DEBITO -LEY 25413,-2.83,20-02,30577109.04 
20/02/2025,COMISION DATANET,-2054.18,20-02,30575054.86 
20/02/2025,IMPUESTO DEBITO -LEY 25413,-12.33,20-02,30575042.53 
21/02/2025,CHEQUE DE CAMARA 005869878,-653990.01,21-02,29921052.52 
21/02/2025,IMPUESTO DEBITO -LEY 25413     1952 CONTABILIDAD Y CONCILIACI,-3923.94,21-02,29917128.58 
21/02/2025,CR.TRAN. 30574816870 AMERICAN EXPRESS,56605.10,21-02,29973733.68 
21/02/2025,IMPUESTO CREDITO -LEY 25413    0001,-339.63,21-02,29973394.05 
21/02/2025,RETENCION ARBA                 0001,-1415.10,21-02,29971978.95 
21/02/2025,IMPUESTO DEBITO -LEY 25413     0001,-8.49,21-02,29971970.46 
21/02/2025,PAGOS A COMERCIOS VISA - L. 0000223487 - C. 00003907330,554647.25,21-02,30526617.71 
21/02/2025,IMPUESTO CREDITO -LEY 25413    1002 MEDIOS DE PAGO,-3327.88,21-02,30523289.83 
21/02/2025,RETENCION ARBA                 1002 MEDIOS DE PAGO,-13866.10,21-02,30509423.73 
21/02/2025,IMPUESTO DEBITO -LEY 25413     1002 MEDIOS DE PAGO,-83.20,21-02,30509340.53 
21/02/2025,PAGOS A COMERCIOS VISA - L. 0000223565 - C. 00003907330,269232.05,21-02,30778572.58 
21/02/2025,IMPUESTO CREDITO -LEY 25413    1002 MEDIOS DE PAGO,-1615.39,21-02,30776957.19 
21/02/2025,RETENCION ARBA                 1002 MEDIOS DE PAGO,-6730.80,21-02,30770226.39 
21/02/2025,IMPUESTO DEBITO -LEY 25413     1002 MEDIOS DE PAGO,-40.38,21-02,30770186.01 
21/02/2025,PAGOS A COMERCIOS MASTERCARD - L. 0000223462 - C. 00003907330,90045.70,21-02,30860231.71 
21/02/2025,IMPUESTO CREDITO -LEY 25413    1002 MEDIOS DE PAGO,-540.27,21-02,30859691.44 
21/02/2025,RETENCION ARBA                 1002 MEDIOS DE PAGO,-2251.10,21-02,30857440.34 
21/02/2025,IMPUESTO DEBITO -LEY 25413     1002 MEDIOS DE PAGO,-13.51,21-02,30857426.83 
21/02/2025,PAGOS A COMERCIOS MASTERCARD - L. 0000223529 - C. 00003907330,14429.71,21-02,30871856.54 
21/02/2025,IMPUESTO CREDITO -LEY 25413    1002 MEDIOS DE PAGO,-86.58,21-02,30871769.96 
21/02/2025,RETENCION ARBA                 1002 MEDIOS DE PAGO,-360.70,21-02,30871409.26 
21/02/2025,IMPUESTO DEBITO -LEY 25413     1002 MEDIOS DE PAGO,-2.16,21-02,30871407.10 
21/02/2025,CARGO A COMERCIOS MASTERCARD - L. 0000223371 - C. 00003907330,-3740.35,21-02,30867666.75 
21/02/2025,CR.TRAN. 30624944255ETESORERIA GENERAL PCIA BS 00D00,184229.51,21-02,31051896.26 
21/02/2025,IMPUESTO CREDITO -LEY 25413    2000 REGION Y CASA MATRIZ LA P,-1105.38,21-02,31050790.88 
21/02/2025,RETENCION ARBA                 2000 REGION Y CASA MATRIZ LA P,-4605.70,21-02,31046185.18 
21/02/2025,IMPUESTO DEBITO -LEY 25413     2000 REGION Y CASA MATRIZ LA P,-27.63,21-02,31046157.55 
21/02/2025,CR.TRAN. 30624944255ETESORERIA GENERAL PCIA BS 00D00,636542.55,21-02,31682700.10 
21/02/2025,IMPUESTO CREDITO -LEY 25413    2000 REGION Y CASA MATRIZ LA P,-3819.26,21-02,31678880.84 
21/02/2025,RETENCION ARBA                 2000 REGION Y CASA MATRIZ LA P,-15913.50,21-02,31662967.34 
21/02/2025,IMPUESTO DEBITO -LEY 25413     2000 REGION Y CASA MATRIZ LA P,-95.48,21-02,31662871.86 
21/02/2025,CR.TRAN. 30624944255ETESORERIA GENERAL PCIA BS 00D00,710353.07,21-02,32373224.93 
21/02/2025,IMPUESTO CREDITO -LEY 25413    2000 REGION Y CASA MATRIZ LA P,-4262.12,21-02,32368962.81 
21/02/2025,RETENCION ARBA                 2000 REGION Y CASA MATRIZ LA P,-17758.80,21-02,32351204.01 
21/02/2025,IMPUESTO DEBITO -LEY 25413     2000 REGION Y CASA MATRIZ LA P,-106.55,21-02,32351097.46 
21/02/2025,CR.TRAN. 30624944255ETESORERIA GENERAL PCIA BS 00D00,1471272.60,21-02,33822370.06 
21/02/2025,IMPUESTO CREDITO -LEY 25413    2000 REGION Y CASA MATRIZ LA P,-8827.64,21-02,33813542.42 
21/02/2025,RETENCION ARBA                 2000 REGION Y CASA MATRIZ LA P,-36781.80,21-02,33776760.62 
21/02/2025,IMPUESTO DEBITO -LEY 25413     2000 REGION Y CASA MATRIZ LA P,-220.69,21-02,33776539.93 
21/02/2025,REVERSA RETENCION ARBA,36781.80,21-02,33813321.73 
21/02/2025,REVERSA RETENCION ARBA,17758.80,21-02,33831080.53 
21/02/2025,REVERSA RETENCION ARBA,15913.50,21-02,33846994.03 
21/02/2025,REVERSA RETENCION ARBA,4605.70,21-02,33851599.73 
21/02/2025,REV. IMP.DEBITO.-LEY 25413,220.69,21-02,33851820.42 
21/02/2025,REV. IMP.DEBITO.-LEY 25413,106.55,21-02,33851926.97 
21/02/2025,REV. IMP.DEBITO.-LEY 25413,95.48,21-02,33852022.45 
21/02/2025,REV. IMP.DEBITO.-LEY 25413,27.63,21-02,33852050.08 
21/02/2025,COMISION DATANET,-28.30,21-02,33852021.78 
21/02/2025,IMPUESTO DEBITO -LEY 25413,-0.17,21-02,33852021.61 
21/02/2025,COMISION DATANET,-92.11,21-02,33851929.50 
21/02/2025,IMPUESTO DEBITO -LEY 25413,-0.55,21-02,33851928.95 
21/02/2025,COMISION DATANET,-673.44,21-02,33851255.51 
21/02/2025,IMPUESTO DEBITO -LEY 25413,-4.04,21-02,33851251.47 
21/02/2025,COMISION DATANET,-735.63,21-02,33850515.84 
21/02/2025,IMPUESTO DEBITO -LEY 25413,-4.41,21-02,33850511.43 
24/02/2025,CR.DEBIN 21/02-S.346696 C:30657033770,5050.63,24-02,33855562.06 
24/02/2025,CR.DEBIN 24/02-S.950618 C:30657033770,3862.25,24-02,33859424.31 
24/02/2025,IMPUESTO CREDITO -LEY 25413,-23.17,24-02,33859401.14 
24/02/2025,RETENCION ARBA,-96.50,24-02,33859304.64 
24/02/2025,IMPUESTO DEBITO -LEY 25413,-0.58,24-02,33859304.06 
24/02/2025,CR.TRAN. 30574816870 AMERICAN EXPRESS,85884.49,24-02,33945188.55 
24/02/2025,IMPUESTO CREDITO -LEY 25413    0001,-515.31,24-02,33944673.24 
24/02/2025,RETENCION ARBA                 0001,-2147.10,24-02,33942526.14 
24/02/2025,IMPUESTO DEBITO -LEY 25413     0001,-12.88,24-02,33942513.26 
24/02/2025,PAGOS A COMERCIOS VISA - L. 0000223635 - C. 00003907330,531074.37,24-02,34473587.63 
24/02/2025,IMPUESTO CREDITO -LEY 25413    1002 MEDIOS DE PAGO,-3186.45,24-02,34470401.18 
24/02/2025,RETENCION ARBA                 1002 MEDIOS DE PAGO,-13276.80,24-02,34457124.38 
24/02/2025,IMPUESTO DEBITO -LEY 25413     1002 MEDIOS DE PAGO,-79.66,24-02,34457044.72 
24/02/2025,PAGOS A COMERCIOS MASTERCARD - L. 0000223608 - C. 00003907330,139046.86,24-02,34596091.58 
24/02/2025,IMPUESTO CREDITO -LEY 25413    1002 MEDIOS DE PAGO,-834.28,24-02,34595257.30 
24/02/2025,RETENCION ARBA                 1002 MEDIOS DE PAGO,-3476.10,24-02,34591781.20 
24/02/2025,IMPUESTO DEBITO -LEY 25413     1002 MEDIOS DE PAGO,-20.86,24-02,34591760.34 
24/02/2025,PAGOS A COMERCIOS CABAL - L. 0000372025 - C. 88603907330,13976.87,24-02,34605737.21 
24/02/2025,IMPUESTO CREDITO -LEY 25413    1002 MEDIOS DE PAGO,-83.86,24-02,34605653.35 
24/02/2025,RETENCION ARBA                 1002 MEDIOS DE PAGO,-349.40,24-02,34605303.95 
24/02/2025,IMPUESTO DEBITO -LEY 25413     1002 MEDIOS DE PAGO,-2.10,24-02,34605301.85 
24/02/2025,CARGO A COMERCIOS MASTERCARD - L. 0000223537 - C. 00003907330,-2052.74,24-02,34603249.11 
24/02/2025,CR.DEBIN 24/02-S.858160 C:30657033770,21886.07,24-02,34625135.18 
24/02/2025,IMPUESTO CREDITO -LEY 25413,-131.32,24-02,34625003.86 
24/02/2025,RETENCION ARBA,-547.10,24-02,34624456.76 
24/02/2025,IMPUESTO DEBITO -LEY 25413,-3.28,24-02,34624453.48 
24/02/2025,CR.DEBIN 24/02-S.579081 C:30657033770,14854.80,24-02,34639308.28 
24/02/2025,IMPUESTO CREDITO -LEY 25413,-89.13,24-02,34639219.15 
24/02/2025,RETENCION ARBA,-371.30,24-02,34638847.85 
24/02/2025,IMPUESTO DEBITO -LEY 25413,-2.23,24-02,34638845.62 
24/02/2025,CR.DEBIN 24/02-S.865745 C:30657033770,7526.43,24-02,34646372.05 
24/02/2025,IMPUESTO CREDITO -LEY 25413,-45.16,24-02,34646326.89 
24/02/2025,RETENCION ARBA,-188.10,24-02,34646138.79 
24/02/2025,IMPUESTO DEBITO -LEY 25413,-1.13,24-02,34646137.66 
24/02/2025,CR.DEBIN 24/02-S.616777 C:30657033770,5050.63,24-02,34651188.29 
24/02/2025,IMPUESTO CREDITO -LEY 25413,-30.30,24-02,34651157.99 
24/02/2025,RETENCION ARBA,-126.20,24-02,34651031.79 
24/02/2025,IMPUESTO DEBITO -LEY 25413,-0.76,24-02,34651031.03 
24/02/2025,CR.TRAN. 30624944255ETESORERIA GENERAL PCIA BS 00D00,1215848.55,24-02,35866879.58 
24/02/2025,IMPUESTO CREDITO -LEY 25413    2000 REGION Y CASA MATRIZ LA P,-7295.09,24-02,35859584.49 
24/02/2025,RETENCION ARBA                 2000 REGION Y CASA MATRIZ LA P,-30396.20,24-02,35829188.29 
24/02/2025,IMPUESTO DEBITO -LEY 25413     2000 REGION Y CASA MATRIZ LA P,-182.38,24-02,35829005.91 
24/02/2025,CR.TRAN. 30624944255ETESORERIA GENERAL PCIA BS 00D00,2146266.78,24-02,37975272.69 
24/02/2025,IMPUESTO CREDITO -LEY 25413    2000 REGION Y CASA MATRIZ LA P,-12877.60,24-02,37962395.09 
24/02/2025,RETENCION ARBA                 2000 REGION Y CASA MATRIZ LA P,-53656.60,24-02,37908738.49 
24/02/2025,IMPUESTO DEBITO -LEY 25413     2000 REGION Y CASA MATRIZ LA P,-321.94,24-02,37908416.55 
24/02/2025,CR.DEBIN 24/02-S.638986 C:30657033770,48129.55,24-02,37956546.10 
24/02/2025,IMPUESTO CREDITO -LEY 25413,-288.78,24-02,37956257.32 
24/02/2025,RETENCION ARBA,-1203.20,24-02,37955054.12 
24/02/2025,IMPUESTO DEBITO -LEY 25413,-7.22,24-02,37955046.90 
24/02/2025,CR.DEBIN 24/02-S.657240 C:30657033770,2772.90,24-02,37957819.80 
24/02/2025,IMPUESTO CREDITO -LEY 25413,-16.64,24-02,37957803.16 
24/02/2025,RETENCION ARBA,-69.30,24-02,37957733.86 
24/02/2025,IMPUESTO DEBITO -LEY 25413,-0.42,24-02,37957733.44 
24/02/2025,CR.DEBIN 24/02-S.054787 C:30657033770,2772.90,24-02,37960506.34 
24/02/2025,IMPUESTO CREDITO -LEY 25413,-16.64,24-02,37960489.70 
24/02/2025,RETENCION ARBA,-69.30,24-02,37960420.40 
24/02/2025,IMPUESTO DEBITO -LEY 25413,-0.42,24-02,37960419.98 
24/02/2025,CR.DEBIN 24/02-S.071443 C:30657033770,17429.63,24-02,37977849.61 
24/02/2025,IMPUESTO CREDITO -LEY 25413,-104.58,24-02,37977745.03 
24/02/2025,RETENCION ARBA,-435.70,24-02,37977309.33 
24/02/2025,IMPUESTO DEBITO -LEY 25413,-2.61,24-02,37977306.72 
24/02/2025,CR.DEBIN 24/02-S.073653 C:30657033770,11388.68,24-02,37988695.40 
24/02/2025,IMPUESTO CREDITO -LEY 25413,-68.33,24-02,37988627.07 
24/02/2025,RETENCION ARBA,-284.70,24-02,37988342.37 
24/02/2025,IMPUESTO DEBITO -LEY 25413,-1.71,24-02,37988340.66 
24/02/2025,CR.DEBIN 24/02-S.994918 C:30657033770,12279.97,24-02,38000620.63 
24/02/2025,IMPUESTO CREDITO -LEY 25413,-73.68,24-02,38000546.95 
24/02/2025,RETENCION ARBA,-306.90,24-02,38000240.05 
24/02/2025,IMPUESTO DEBITO -LEY 25413,-1.84,24-02,38000238.21 
24/02/2025,CR.DEBIN 24/02-S.087722 C:30657033770,7130.30,24-02,38007368.51 
24/02/2025,IMPUESTO CREDITO -LEY 25413,-42.78,24-02,38007325.73 
24/02/2025,RETENCION ARBA,-178.20,24-02,38007147.53 
24/02/2025,IMPUESTO DEBITO -LEY 25413,-1.07,24-02,38007146.46 
24/02/2025,CR.DEBIN 24/02-S.088220 C:30657033770,23272.52,24-02,38030418.98 
24/02/2025,IMPUESTO CREDITO -LEY 25413,-139.64,24-02,38030279.34 
24/02/2025,RETENCION ARBA,-581.80,24-02,38029697.54 
24/02/2025,IMPUESTO DEBITO -LEY 25413,-3.49,24-02,38029694.05 
24/02/2025,REVERSA RETENCION ARBA,53656.60,24-02,38083350.65 
24/02/2025,REVERSA RETENCION ARBA,30396.20,24-02,38113746.85 
24/02/2025,REV. IMP.DEBITO.-LEY 25413,321.94,24-02,38114068.79 
24/02/2025,REV. IMP.DEBITO.-LEY 25413,182.38,24-02,38114251.17 
24/02/2025,COMISION DATANET,-42.94,24-02,38114208.23 
24/02/2025,IMPUESTO DEBITO -LEY 25413,-0.26,24-02,38114207.97 
24/02/2025,COMISION DATANET,-1681.05,24-02,38112526.92 
24/02/2025,IMPUESTO DEBITO -LEY 25413,-10.09,24-02,38112516.83 
25/02/2025,CHEQUE DE CAMARA 005869873,-2000000.00,25-02,36112516.83 
25/02/2025,IMPUESTO DEBITO -LEY 25413     1950 COMPENSACION DE VALORES,-12000.00,25-02,36100516.83 
25/02/2025,CHEQUE DE CAMARA 009687289,-1324974.66,25-02,34775542.17 
25/02/2025,IMPUESTO DEBITO -LEY 25413     1950 COMPENSACION DE VALORES,-7949.85,25-02,34767592.32 
25/02/2025,CHEQUE DE CAMARA 009687299,-2474327.00,25-02,32293265.32 
25/02/2025,IMPUESTO DEBITO -LEY 25413     1950 COMPENSACION DE VALORES,-14845.96,25-02,32278419.36 
25/02/2025,CHEQUE DE CAMARA 009687319,-1039500.00,25-02,31238919.36 
25/02/2025,IMPUESTO DEBITO -LEY 25413     1950 COMPENSACION DE VALORES,-6237.00,25-02,31232682.36 
25/02/2025,CR.TRAN. 30574816870 AMERICAN EXPRESS,41978.95,25-02,31274661.31 
25/02/2025,IMPUESTO CREDITO -LEY 25413    0001,-251.87,25-02,31274409.44 
25/02/2025,RETENCION ARBA                 0001,-1049.40,25-02,31273360.04 
25/02/2025,IMPUESTO DEBITO -LEY 25413     0001,-6.30,25-02,31273353.74 
25/02/2025,BIP DB.TR.25/02-C.866425 D:30717030369 N:PANIFICADORA M,-306390.36,25-02,30966963.38 
25/02/2025,IMPUESTO DEBITO -LEY 25413,-1838.34,25-02,30965125.04 
25/02/2025,COMISION TRANSFERENCIA/GIRO,-3350.00,25-02,30961775.04 
25/02/2025,BIP DB.TR.25/02-C.798795 D:30711602972 N:AVICOLA PIMPOL,-257194.57,25-02,30704580.47 
25/02/2025,IMPUESTO DEBITO -LEY 25413,-1543.17,25-02,30703037.30 
25/02/2025,COMISION TRANSFERENCIA/GIRO,-3350.00,25-02,30699687.30 
25/02/2025,PAGOS A COMERCIOS VISA - L. 0000223792 - C. 00003907330,869054.37,25-02,31568741.67 
25/02/2025,IMPUESTO CREDITO -LEY 25413    1002 MEDIOS DE PAGO,-5214.33,25-02,31563527.34 
25/02/2025,RETENCION ARBA                 1002 MEDIOS DE PAGO,-21726.30,25-02,31541801.04 
25/02/2025,IMPUESTO DEBITO -LEY 25413     1002 MEDIOS DE PAGO,-130.36,25-02,31541670.68 
25/02/2025,PAGOS A COMERCIOS VISA - L. 0000223898 - C. 00003907330,580624.24,25-02,32122294.92 
25/02/2025,IMPUESTO CREDITO -LEY 25413    1002 MEDIOS DE PAGO,-3483.75,25-02,32118811.17 
25/02/2025,RETENCION ARBA                 1002 MEDIOS DE PAGO,-14515.60,25-02,32104295.57 
25/02/2025,IMPUESTO DEBITO -LEY 25413     1002 MEDIOS DE PAGO,-87.09,25-02,32104208.48 
25/02/2025,PAGOS A COMERCIOS MASTERCARD - L. 0000223751 - C. 00003907330,98396.27,25-02,32202604.75 
25/02/2025,IMPUESTO CREDITO -LEY 25413    1002 MEDIOS DE PAGO,-590.38,25-02,32202014.37 
25/02/2025,RETENCION ARBA                 1002 MEDIOS DE PAGO,-2459.90,25-02,32199554.47 
25/02/2025,IMPUESTO DEBITO -LEY 25413     1002 MEDIOS DE PAGO,-14.76,25-02,32199539.71 
25/02/2025,PAGOS A COMERCIOS MASTERCARD - L. 0000223846 - C. 00003907330,88571.91,25-02,32288111.62 
25/02/2025,IMPUESTO CREDITO -LEY 25413    1002 MEDIOS DE PAGO,-531.43,25-02,32287580.19 
25/02/2025,RETENCION ARBA                 1002 MEDIOS DE PAGO,-2214.20,25-02,32285365.99 
25/02/2025,IMPUESTO DEBITO -LEY 25413     1002 MEDIOS DE PAGO,-13.29,25-02,32285352.70 
25/02/2025,PAGOS A COMERCIOS MASTERCARD - L. 0000223781 - C. 00003907330,15816.22,25-02,32301168.92 
25/02/2025,IMPUESTO CREDITO -LEY 25413    1002 MEDIOS DE PAGO,-94.90,25-02,32301074.02 
25/02/2025,RETENCION ARBA                 1002 MEDIOS DE PAGO,-395.40,25-02,32300678.62 
25/02/2025,IMPUESTO DEBITO -LEY 25413     1002 MEDIOS DE PAGO,-2.37,25-02,32300676.25 
25/02/2025,CARGO A COMERCIOS MASTERCARD - L. 0000223679 - C. 00003907330,-1177.60,25-02,32299498.65 
25/02/2025,BIP DB.TR.25/02-C.699392 D:30711602972 N:AVICOLA PIMPOL,-165339.37,25-02,32134159.28 
25/02/2025,IMPUESTO DEBITO -LEY 25413,-992.04,25-02,32133167.24 
25/02/2025,COMISION TRANSFERENCIA/GIRO,-3350.00,25-02,32129817.24 
25/02/2025,BIP DB.TR.25/02-C.840495 D:20140777073 N:ABILA JOSE LU,-800000.00,25-02,31329817.24 
25/02/2025,IMPUESTO DEBITO -LEY 25413,-4800.00,25-02,31325017.24 
25/02/2025,COMISION TRANSFERENCIA/GIRO,-3350.00,25-02,31321667.24 
25/02/2025,CR.DEBIN 25/02-S.492751 C:30657033770,15845.12,25-02,31337512.36 
25/02/2025,IMPUESTO CREDITO -LEY 25413,-95.07,25-02,31337417.29 
25/02/2025,RETENCION ARBA,-396.10,25-02,31337021.19 
25/02/2025,IMPUESTO DEBITO -LEY 25413,-2.38,25-02,31337018.81 
25/02/2025,CR.DEBIN 25/02-S.672192 C:30657033770,77443.02,25-02,31414461.83 
25/02/2025,IMPUESTO CREDITO -LEY 25413,-464.66,25-02,31413997.17 
25/02/2025,RETENCION ARBA,-1936.00,25-02,31412061.17 
25/02/2025,IMPUESTO DEBITO -LEY 25413,-11.62,25-02,31412049.55 
25/02/2025,CR.DEBIN 25/02-S.392073 C:30657033770,7922.56,25-02,31419972.11 
25/02/2025,IMPUESTO CREDITO -LEY 25413,-47.54,25-02,31419924.57 
25/02/2025,RETENCION ARBA,-198.00,25-02,31419726.57 
25/02/2025,IMPUESTO DEBITO -LEY 25413,-1.19,25-02,31419725.38 
25/02/2025,CR.DEBIN 25/02-S.699848 C:30657033770,6090.47,25-02,31425815.85 
25/02/2025,IMPUESTO CREDITO -LEY 25413,-36.54,25-02,31425779.31 
25/02/2025,RETENCION ARBA,-152.20,25-02,31425627.11 
25/02/2025,IMPUESTO DEBITO -LEY 25413,-0.91,25-02,31425626.20 
26/02/2025,CR.DEBIN 25/02-S.625789 C:30657033770,17330.60,26-02,31442956.80 
26/02/2025,CR.DEBIN 25/02-S.570183 C:30657033770,12874.16,26-02,31455830.96 
26/02/2025,CR.DEBIN 25/02-S.480514 C:30657033770,7922.56,26-02,31463753.52 
26/02/2025,CR.DEBIN 25/02-S.772190 C:30657033770,5941.92,26-02,31469695.44 
26/02/2025,CHEQUE DE CAMARA 009687292,-1774185.34,26-02,29695510.10 
26/02/2025,IMPUESTO DEBITO -LEY 25413     1950 COMPENSACION DE VALORES,-10645.11,26-02,29684864.99 
26/02/2025,CHEQUE DE CAMARA 009687297,-714660.00,26-02,28970204.99 
26/02/2025,IMPUESTO DEBITO -LEY 25413     1950 COMPENSACION DE VALORES,-4287.96,26-02,28965917.03 
26/02/2025,CHEQUE DE CAMARA 009687306,-849204.76,26-02,28116712.27 
26/02/2025,IMPUESTO DEBITO -LEY 25413     1950 COMPENSACION DE VALORES,-5095.23,26-02,28111617.04 
26/02/2025,CR.DEBIN 26/02-S.332599 C:30657033770,7625.46,26-02,28119242.50 
26/02/2025,IMPUESTO CREDITO -LEY 25413,-45.75,26-02,28119196.75 
26/02/2025,RETENCION ARBA,-190.60,26-02,28119006.15 
26/02/2025,IMPUESTO DEBITO -LEY 25413,-1.14,26-02,28119005.01 
26/02/2025,CR.DEBIN 26/02-S.333315 C:30657033770,4139.54,26-02,28123144.55 
26/02/2025,IMPUESTO CREDITO -LEY 25413,-24.84,26-02,28123119.71 
26/02/2025,RETENCION ARBA,-103.40,26-02,28123016.31 
26/02/2025,IMPUESTO DEBITO -LEY 25413,-0.62,26-02,28123015.69 
26/02/2025,PAGOS A COMERCIOS VISA - L. 0000223988 - C. 00003907330,560775.64,26-02,28683791.33 
26/02/2025,IMPUESTO CREDITO -LEY 25413    1002 MEDIOS DE PAGO,-3364.65,26-02,28680426.68 
26/02/2025,RETENCION ARBA                 1002 MEDIOS DE PAGO,-14019.30,26-02,28666407.38 
26/02/2025,IMPUESTO DEBITO -LEY 25413     1002 MEDIOS DE PAGO,-84.12,26-02,28666323.26 
26/02/2025,PAGOS A COMERCIOS VISA - L. 0000224060 - C. 00003907330,114073.27,26-02,28780396.53 
26/02/2025,IMPUESTO CREDITO -LEY 25413    1002 MEDIOS DE PAGO,-684.44,26-02,28779712.09 
26/02/2025,RETENCION ARBA                 1002 MEDIOS DE PAGO,-2851.80,26-02,28776860.29 
26/02/2025,IMPUESTO DEBITO -LEY 25413     1002 MEDIOS DE PAGO,-17.11,26-02,28776843.18 
26/02/2025,PAGOS A COMERCIOS MASTERCARD - L. 0000223956 - C. 00003907330,84949.58,26-02,28861792.76 
26/02/2025,IMPUESTO CREDITO -LEY 25413    1002 MEDIOS DE PAGO,-509.70,26-02,28861283.06 
26/02/2025,RETENCION ARBA                 1002 MEDIOS DE PAGO,-2123.70,26-02,28859159.36 
26/02/2025,IMPUESTO DEBITO -LEY 25413     1002 MEDIOS DE PAGO,-12.74,26-02,28859146.62 
26/02/2025,PAGOS A COMERCIOS MASTERCARD - L. 0000224032 - C. 00003907330,48460.23,26-02,28907606.85 
26/02/2025,IMPUESTO CREDITO -LEY 25413    1002 MEDIOS DE PAGO,-290.76,26-02,28907316.09 
26/02/2025,RETENCION ARBA                 1002 MEDIOS DE PAGO,-1211.50,26-02,28906104.59 
26/02/2025,IMPUESTO DEBITO -LEY 25413     1002 MEDIOS DE PAGO,-7.27,26-02,28906097.32 
26/02/2025,PAGOS A COMERCIOS CABAL - L. 0000439799 - C. 88603907330,11643.84,26-02,28917741.16 
26/02/2025,IMPUESTO CREDITO -LEY 25413    1002 MEDIOS DE PAGO,-69.86,26-02,28917671.30 
26/02/2025,RETENCION ARBA                 1002 MEDIOS DE PAGO,-291.00,26-02,28917380.30 
26/02/2025,IMPUESTO DEBITO -LEY 25413     1002 MEDIOS DE PAGO,-1.75,26-02,28917378.55 
26/02/2025,CARGO A COMERCIOS MASTERCARD - L. 0000223859 - C. 00003907330,-102.00,26-02,28917276.55 
26/02/2025,CR.DEBIN 26/02-S.789136 C:30657033770,4456.44,26-02,28921732.99 
26/02/2025,IMPUESTO CREDITO -LEY 25413,-26.74,26-02,28921706.25 
26/02/2025,RETENCION ARBA,-111.40,26-02,28921594.85 
26/02/2025,IMPUESTO DEBITO -LEY 25413,-0.67,26-02,28921594.18 
26/02/2025,CR.DEBIN 26/02-S.963619 C:30657033770,2525.32,26-02,28924119.50 
26/02/2025,IMPUESTO CREDITO -LEY 25413,-15.15,26-02,28924104.35 
26/02/2025,RETENCION ARBA,-63.10,26-02,28924041.25 
26/02/2025,IMPUESTO DEBITO -LEY 25413,-0.38,26-02,28924040.87 
26/02/2025,CR.DEBIN 26/02-S.964299 C:30657033770,15708.46,26-02,28939749.33 
26/02/2025,IMPUESTO CREDITO -LEY 25413,-94.25,26-02,28939655.08 
26/02/2025,RETENCION ARBA,-392.70,26-02,28939262.38 
26/02/2025,IMPUESTO DEBITO -LEY 25413,-2.36,26-02,28939260.02 
26/02/2025,CR.DEBIN 26/02-S.813045 C:30657033770,4555.47,26-02,28943815.49 
26/02/2025,IMPUESTO CREDITO -LEY 25413,-27.33,26-02,28943788.16 
26/02/2025,RETENCION ARBA,-113.80,26-02,28943674.36 
26/02/2025,IMPUESTO DEBITO -LEY 25413,-0.68,26-02,28943673.68 
26/02/2025,CR.DEBIN 26/02-S.976774 C:30657033770,30600.89,26-02,28974274.57 
26/02/2025,IMPUESTO CREDITO -LEY 25413,-183.61,26-02,28974090.96 
26/02/2025,RETENCION ARBA,-765.00,26-02,28973325.96 
26/02/2025,IMPUESTO DEBITO -LEY 25413,-4.59,26-02,28973321.37 
26/02/2025,CR.DEBIN 26/02-S.140159 C:30657033770,7427.40,26-02,28980748.77 
26/02/2025,IMPUESTO CREDITO -LEY 25413,-44.56,26-02,28980704.21 
26/02/2025,RETENCION ARBA,-185.60,26-02,28980518.61 
26/02/2025,IMPUESTO DEBITO -LEY 25413,-1.11,26-02,28980517.50 
26/02/2025,CR.TRAN. 30624944255ETESORERIA GENERAL PCIA BS 00D00,2243686.21,26-02,31224203.71 
26/02/2025,IMPUESTO CREDITO -LEY 25413    2000 REGION Y CASA MATRIZ LA P,-13462.12,26-02,31210741.59 
26/02/2025,RETENCION ARBA                 2000 REGION Y CASA MATRIZ LA P,-56092.10,26-02,31154649.49 
26/02/2025,IMPUESTO DEBITO -LEY 25413     2000 REGION Y CASA MATRIZ LA P,-336.55,26-02,31154312.94 
26/02/2025,CR.DEBIN 26/02-S.757262 C:30657033770,12874.16,26-02,31167187.10 
26/02/2025,IMPUESTO CREDITO -LEY 25413,-77.24,26-02,31167109.86 
26/02/2025,RETENCION ARBA,-321.80,26-02,31166788.06 
26/02/2025,IMPUESTO DEBITO -LEY 25413,-1.93,26-02,31166786.13 
26/02/2025,CR.DEBIN 26/02-S.439238 C:30657033770,7922.56,26-02,31174708.69 
26/02/2025,IMPUESTO CREDITO -LEY 25413,-47.54,26-02,31174661.15 
26/02/2025,RETENCION ARBA,-198.00,26-02,31174463.15 
26/02/2025,IMPUESTO DEBITO -LEY 25413,-1.19,26-02,31174461.96 
26/02/2025,CR.DEBIN 26/02-S.439758 C:30657033770,4159.34,26-02,31178621.30 
26/02/2025,IMPUESTO CREDITO -LEY 25413,-24.96,26-02,31178596.34 
26/02/2025,RETENCION ARBA,-103.90,26-02,31178492.44 
26/02/2025,IMPUESTO DEBITO -LEY 25413,-0.62,26-02,31178491.82 
26/02/2025,CR.DEBIN 26/02-S.775604 C:30657033770,8912.88,26-02,31187404.70 
26/02/2025,IMPUESTO CREDITO -LEY 25413,-53.48,26-02,31187351.22 
26/02/2025,RETENCION ARBA,-222.80,26-02,31187128.42 
26/02/2025,IMPUESTO DEBITO -LEY 25413,-1.34,26-02,31187127.08 
26/02/2025,CR.TRAN. 30715803891 RAPPI ARG SAS,74548.98,26-02,31261676.06 
26/02/2025,IMPUESTO CREDITO -LEY 25413    0814,-447.29,26-02,31261228.77 
26/02/2025,RETENCION ARBA                 0814,-1863.70,26-02,31259365.07 
26/02/2025,IMPUESTO DEBITO -LEY 25413     0814,-11.18,26-02,31259353.89 
26/02/2025,CR.DEBIN 26/02-S.211415 C:30657033770,31492.18,26-02,31290846.07 
26/02/2025,IMPUESTO CREDITO -LEY 25413,-188.95,26-02,31290657.12 
26/02/2025,RETENCION ARBA,-787.30,26-02,31289869.82 
26/02/2025,IMPUESTO DEBITO -LEY 25413,-4.72,26-02,31289865.10 
26/02/2025,CR.DEBIN 26/02-S.246207 C:30657033770,179247.92,26-02,31469113.02 
26/02/2025,IMPUESTO CREDITO -LEY 25413,-1075.49,26-02,31468037.53 
26/02/2025,RETENCION ARBA,-4481.10,26-02,31463556.43 
26/02/2025,IMPUESTO DEBITO -LEY 25413,-26.89,26-02,31463529.54 
26/02/2025,DEB LOTE HABERES,-1500000.00,26-02,29963529.54 
26/02/2025,IMPUESTO DEBITO -LEY 25413                           20 001450,-9000.00,26-02,29954529.54 
26/02/2025,PAGO CUOTA,COM,GASTOS PRESTAMO 1987 BIYCSA,-123232.92,26-02,29831296.62 
26/02/2025,IMPUESTO DEBITO -LEY 25413,-739.40,26-02,29830557.22 
26/02/2025,PAGO CUOTA,COM,GASTOS PRESTAMO 1987 BIYCSA,-139583.33,26-02,29690973.89 
26/02/2025,IMPUESTO DEBITO -LEY 25413,-837.50,26-02,29690136.39 
26/02/2025,REVERSA RETENCION ARBA,56092.10,26-02,29746228.49 
26/02/2025,REV. IMP.DEBITO.-LEY 25413,336.55,26-02,29746565.04 
26/02/2025,COMISION DATANET,-37.27,26-02,29746527.77 
26/02/2025,IMPUESTO DEBITO -LEY 25413,-0.22,26-02,29746527.55 
26/02/2025,COMISION DATANET,-1121.84,26-02,29745405.71 
26/02/2025,IMPUESTO DEBITO -LEY 25413,-6.73,26-02,29745398.98 
27/02/2025,BIP DB.TR.26/02-C.893367 D:20163442303 N:CHIAPPA PABLO,-816000.00,27-02,28929398.98 
27/02/2025,IMPUESTO DEBITO -LEY 25413,-4896.00,27-02,28924502.98 
27/02/2025,COMISION TRANSFERENCIA/GIRO,-3350.00,27-02,28921152.98 
27/02/2025,IMPUESTO DEBITO -LEY 25413,-20.10,27-02,28921132.88 
27/02/2025,CHEQUE DE CAMARA 009687317,-664746.95,27-02,28256385.93 
27/02/2025,IMPUESTO DEBITO -LEY 25413     1950 COMPENSACION DE VALORES,-3988.48,27-02,28252397.45 
27/02/2025,COM. MANT. POR 034 MOV. PERIODO (29-01-2025/26-02-2025),-37400.00,27-02,28214997.45 
27/02/2025,IMPUESTO I.BRUTOS - PERCEPCION,-1870.00,27-02,28213127.45 
27/02/2025,IMPUESTO DEBITO -LEY 25413,-224.40,27-02,28212903.05 
27/02/2025,IMPUESTO DEBITO -LEY 25413,-11.22,27-02,28212891.83 
27/02/2025,BIP DB.TR.27/02-C.915196 D:20166188955 N:PANESSI CARLOS,-921479.00,27-02,27291412.83 
27/02/2025,IMPUESTO DEBITO -LEY 25413,-5528.87,27-02,27285883.96 
27/02/2025,COMISION TRANSFERENCIA/GIRO,-3350.00,27-02,27282533.96 
27/02/2025,PAGOS A COMERCIOS VISA - L. 0000224153 - C. 00003907330,357235.86,27-02,27639769.82 
27/02/2025,IMPUESTO CREDITO -LEY 25413    1002 MEDIOS DE PAGO,-2143.42,27-02,27637626.40 
27/02/2025,RETENCION ARBA                 1002 MEDIOS DE PAGO,-8930.80,27-02,27628695.60 
27/02/2025,IMPUESTO DEBITO -LEY 25413     1002 MEDIOS DE PAGO,-53.58,27-02,27628642.02 
27/02/2025,PAGOS A COMERCIOS VISA - L. 0000224238 - C. 00003907330,105393.85,27-02,27734035.87 
27/02/2025,IMPUESTO CREDITO -LEY 25413    1002 MEDIOS DE PAGO,-632.36,27-02,27733403.51 
27/02/2025,RETENCION ARBA                 1002 MEDIOS DE PAGO,-2634.80,27-02,27730768.71 
27/02/2025,IMPUESTO DEBITO -LEY 25413     1002 MEDIOS DE PAGO,-15.81,27-02,27730752.90 
27/02/2025,PAGOS A COMERCIOS MASTERCARD - L. 0000224121 - C. 00003907330,42839.63,27-02,27773592.53 
27/02/2025,IMPUESTO CREDITO -LEY 25413    1002 MEDIOS DE PAGO,-257.04,27-02,27773335.49 
27/02/2025,RETENCION ARBA                 1002 MEDIOS DE PAGO,-1070.90,27-02,27772264.59 
27/02/2025,IMPUESTO DEBITO -LEY 25413     1002 MEDIOS DE PAGO,-6.43,27-02,27772258.16 
27/02/2025,PAGOS A COMERCIOS MASTERCARD - L. 0000224145 - C. 00003907330,22220.33,27-02,27794478.49 
27/02/2025,IMPUESTO CREDITO -LEY 25413    1002 MEDIOS DE PAGO,-133.32,27-02,27794345.17 
27/02/2025,RETENCION ARBA                 1002 MEDIOS DE PAGO,-555.50,27-02,27793789.67 
27/02/2025,IMPUESTO DEBITO -LEY 25413     1002 MEDIOS DE PAGO,-3.33,27-02,27793786.34 
27/02/2025,CARGO A COMERCIOS MASTERCARD - L. 0000224040 - C. 00003907330,-43.22,27-02,27793743.12 
27/02/2025,CR.DEBIN 27/02-S.754663 C:30657033770,10893.52,27-02,27804636.64 
27/02/2025,IMPUESTO CREDITO -LEY 25413,-65.36,27-02,27804571.28 
27/02/2025,RETENCION ARBA,-272.30,27-02,27804298.98 
27/02/2025,IMPUESTO DEBITO -LEY 25413,-1.63,27-02,27804297.35 
27/02/2025,CR.DEBIN 27/02-S.506481 C:30657033770,12973.19,27-02,27817270.54 
27/02/2025,IMPUESTO CREDITO -LEY 25413,-77.84,27-02,27817192.70 
27/02/2025,RETENCION ARBA,-324.30,27-02,27816868.40 
27/02/2025,IMPUESTO DEBITO -LEY 25413,-1.95,27-02,27816866.45 
27/02/2025,CR.DEBIN 27/02-S.518131 C:30657033770,9903.20,27-02,27826769.65 
27/02/2025,IMPUESTO CREDITO -LEY 25413,-59.42,27-02,27826710.23 
27/02/2025,RETENCION ARBA,-247.50,27-02,27826462.73 
27/02/2025,IMPUESTO DEBITO -LEY 25413,-1.49,27-02,27826461.24 
27/02/2025,BIP DB TR 27/02-C.000305379772 DES:0014-03-520805107474,-900000.00,27-02,26926461.24 
27/02/2025,IMPUESTO DEBITO -LEY 25413,-5400.00,27-02,26921061.24 
27/02/2025,COMISION TRANSFERENCIA/GIRO,-3350.00,27-02,26917711.24 
27/02/2025,CR.DEBIN 27/02-S.153275 C:30657033770,14062.54,27-02,26931773.78 
27/02/2025,IMPUESTO CREDITO -LEY 25413,-84.38,27-02,26931689.40 
27/02/2025,RETENCION ARBA,-351.50,27-02,26931337.90 
27/02/2025,IMPUESTO DEBITO -LEY 25413,-2.11,27-02,26931335.79 
27/02/2025,BIP DB.TR.27/02-C.951630 D:30711602972 N:AVICOLA PIMPOL,-250371.05,27-02,26680964.74 
27/02/2025,IMPUESTO DEBITO -LEY 25413,-1502.23,27-02,26679462.51 
27/02/2025,COMISION TRANSFERENCIA/GIRO,-3350.00,27-02,26676112.51 
28/02/2025,PAGOS A COMERCIOS VISA - L. 0000224335 - C. 00003907330,311647.89,28-02,26987760.40 
28/02/2025,IMPUESTO CREDITO -LEY 25413    1002 MEDIOS DE PAGO,-1869.89,28-02,26985890.51 
28/02/2025,RETENCION ARBA                 1002 MEDIOS DE PAGO,-7791.10,28-02,26978099.41 
28/02/2025,IMPUESTO DEBITO -LEY 25413     1002 MEDIOS DE PAGO,-46.75,28-02,26978052.66 
28/02/2025,PAGOS A COMERCIOS VISA - L. 0000224411 - C. 00003907330,128843.98,28-02,27106896.64 
28/02/2025,IMPUESTO CREDITO -LEY 25413    1002 MEDIOS DE PAGO,-773.06,28-02,27106123.58 
28/02/2025,RETENCION ARBA                 1002 MEDIOS DE PAGO,-3221.00,28-02,27102902.58 
28/02/2025,IMPUESTO DEBITO -LEY 25413     1002 MEDIOS DE PAGO,-19.33,28-02,27102883.25 
28/02/2025,PAGOS A COMERCIOS MASTERCARD - L. 0000224376 - C. 00003907330,34265.60,28-02,27137148.85 
28/02/2025,IMPUESTO CREDITO -LEY 25413    1002 MEDIOS DE PAGO,-205.59,28-02,27136943.26 
28/02/2025,RETENCION ARBA                 1002 MEDIOS DE PAGO,-856.60,28-02,27136086.66 
28/02/2025,IMPUESTO DEBITO -LEY 25413     1002 MEDIOS DE PAGO,-5.14,28-02,27136081.52 
28/02/2025,PAGOS A COMERCIOS MASTERCARD - L. 0000224306 - C. 00003907330,11643.84,28-02,27147725.36 
28/02/2025,IMPUESTO CREDITO -LEY 25413    1002 MEDIOS DE PAGO,-69.86,28-02,27147655.50 
28/02/2025,RETENCION ARBA                 1002 MEDIOS DE PAGO,-291.00,28-02,27147364.50 
28/02/2025,IMPUESTO DEBITO -LEY 25413     1002 MEDIOS DE PAGO,-1.75,28-02,27147362.75 
28/02/2025,CARGO A COMERCIOS MASTERCARD - L. 0000224207 - C. 00003907330,-6695.68,28-02,27140667.07 
28/02/2025,CR.TRAN. 30624944255ETESORERIA GENERAL PCIA BS 00D00,7869104.10,28-02,35009771.17 
28/02/2025,IMPUESTO CREDITO -LEY 25413    2000 REGION Y CASA MATRIZ LA P,-47214.62,28-02,34962556.55 
28/02/2025,RETENCION ARBA                 2000 REGION Y CASA MATRIZ LA P,-196727.60,28-02,34765828.95 
28/02/2025,IMPUESTO DEBITO -LEY 25413     2000 REGION Y CASA MATRIZ LA P,-1180.37,28-02,34764648.58 
28/02/2025,CR.DEBIN 28/02-S.282802 C:30657033770,31145.56,28-02,34795794.14 
28/02/2025,IMPUESTO CREDITO -LEY 25413,-186.87,28-02,34795607.27 
28/02/2025,RETENCION ARBA,-778.60,28-02,34794828.67 
28/02/2025,IMPUESTO DEBITO -LEY 25413,-4.67,28-02,34794824.00 
28/02/2025,CR.DEBIN 28/02-S.774230 C:30657033770,22381.23,28-02,34817205.23 
28/02/2025,IMPUESTO CREDITO -LEY 25413,-134.29,28-02,34817070.94 
28/02/2025,RETENCION ARBA,-559.50,28-02,34816511.44 
28/02/2025,IMPUESTO DEBITO -LEY 25413,-3.36,28-02,34816508.08 
28/02/2025,CR.DEBIN 28/02-S.357646 C:30657033770,17073.12,28-02,34833581.20 
28/02/2025,IMPUESTO CREDITO -LEY 25413,-102.44,28-02,34833478.76 
28/02/2025,RETENCION ARBA,-426.80,28-02,34833051.96 
28/02/2025,IMPUESTO DEBITO -LEY 25413,-2.56,28-02,34833049.40 
28/02/2025,CR.DEBIN 28/02-S.129522 C:30657033770,8219.66,28-02,34841269.06 
28/02/2025,IMPUESTO CREDITO -LEY 25413,-49.32,28-02,34841219.74 
28/02/2025,RETENCION ARBA,-205.40,28-02,34841014.34 
28/02/2025,IMPUESTO DEBITO -LEY 25413,-1.23,28-02,34841013.11 
28/02/2025,FEDERACION PATR RE.208647504 ID.0432965617000000030325,-241286.00,28-02,34599727.11 
28/02/2025,IMPUESTO DEBITO -LEY 25413     1989 DEBITO DIRECTO Y AUTOMATI,-1447.72,28-02,34598279.39 
28/02/2025,FEDERACION PATR RE.208644110 ID.0432935688000000230225,-431897.00,28-02,34166382.39 
28/02/2025,IMPUESTO DEBITO -LEY 25413     1989 DEBITO DIRECTO Y AUTOMATI,-2591.38,28-02,34163791.01 
28/02/2025,FEDERACION PATR RE.208642856 ID.0432925410000000200225,-252456.00,28-02,33911335.01 
28/02/2025,IMPUESTO DEBITO -LEY 25413     1989 DEBITO DIRECTO Y AUTOMATI,-1514.74,28-02,33909820.27 
28/02/2025,FEDERACION PATR RE.208643937 ID.0432034106000000010325,-244998.00,28-02,33664822.27 
28/02/2025,IMPUESTO DEBITO -LEY 25413     1989 DEBITO DIRECTO Y AUTOMATI,-1469.99,28-02,33663352.28 
28/02/2025,REVERSA RETENCION ARBA,196727.60,28-02,33860079.88 
28/02/2025,REV. IMP.DEBITO.-LEY 25413,1180.37,28-02,33861260.25 
28/02/2025,COMISION DATANET,-3934.55,28-02,33857325.70 
28/02/2025,IMPUESTO I.BRUTOS - PERCEPCION,-196.73,28-02,33857128.97 
28/02/2025,IMPUESTO DEBITO -LEY 25413,-23.61,28-02,33857105.36 
28/02/2025,IMPUESTO DEBITO -LEY 25413,-1.18,28-02,33857104.18 
----------------------------------------------------------------------------------------------------------- 
----------------------------------------------------------------------------------------------------------- 
Tot. Retención ARBA:	-2939760.90	 ITF - LEY25413(DEB): 	-1051604.19
	 	 ITF - LEY25413(CRE): 	-705546.37
	 	 S/Desc.380/01 Y MOD: 	0.00
	 	 DESDE: 	01/02/2025
